%YAML 1.1
%TAG !u! tag:unity3d.com,2011:
--- !u!29 &1
OcclusionCullingSettings:
  m_ObjectHideFlags: 0
  serializedVersion: 2
  m_OcclusionBakeSettings:
    smallestOccluder: 5
    smallestHole: 0.25
    backfaceThreshold: 100
  m_SceneGUID: 00000000000000000000000000000000
  m_OcclusionCullingData: {fileID: 0}
--- !u!104 &2
RenderSettings:
  m_ObjectHideFlags: 0
  serializedVersion: 9
  m_Fog: 0
  m_FogColor: {r: 0.5, g: 0.5, b: 0.5, a: 1}
  m_FogMode: 3
  m_FogDensity: 0.01
  m_LinearFogStart: 0
  m_LinearFogEnd: 300
  m_AmbientSkyColor: {r: 0.212, g: 0.227, b: 0.259, a: 1}
  m_AmbientEquatorColor: {r: 0.114, g: 0.125, b: 0.133, a: 1}
  m_AmbientGroundColor: {r: 0.047, g: 0.043, b: 0.035, a: 1}
  m_AmbientIntensity: 1
  m_AmbientMode: 0
  m_SubtractiveShadowColor: {r: 0.42, g: 0.478, b: 0.627, a: 1}
  m_SkyboxMaterial: {fileID: 10304, guid: 0000000000000000f000000000000000, type: 0}
  m_HaloStrength: 0.5
  m_FlareStrength: 1
  m_FlareFadeSpeed: 3
  m_HaloTexture: {fileID: 0}
  m_SpotCookie: {fileID: 10001, guid: 0000000000000000e000000000000000, type: 0}
  m_DefaultReflectionMode: 0
  m_DefaultReflectionResolution: 128
  m_ReflectionBounces: 1
  m_ReflectionIntensity: 1
  m_CustomReflection: {fileID: 0}
  m_Sun: {fileID: 0}
  m_IndirectSpecularColor: {r: 0.44657898, g: 0.4964133, b: 0.5748178, a: 1}
  m_UseRadianceAmbientProbe: 0
--- !u!157 &3
LightmapSettings:
  m_ObjectHideFlags: 0
  serializedVersion: 11
  m_GIWorkflowMode: 0
  m_GISettings:
    serializedVersion: 2
    m_BounceScale: 1
    m_IndirectOutputScale: 1
    m_AlbedoBoost: 1
    m_TemporalCoherenceThreshold: 1
    m_EnvironmentLightingMode: 0
    m_EnableBakedLightmaps: 1
    m_EnableRealtimeLightmaps: 0
  m_LightmapEditorSettings:
    serializedVersion: 10
    m_Resolution: 2
    m_BakeResolution: 10
    m_AtlasSize: 512
    m_AO: 0
    m_AOMaxDistance: 1
    m_CompAOExponent: 1
    m_CompAOExponentDirect: 0
    m_Padding: 2
    m_LightmapParameters: {fileID: 0}
    m_LightmapsBakeMode: 1
    m_TextureCompression: 1
    m_FinalGather: 0
    m_FinalGatherFiltering: 1
    m_FinalGatherRayCount: 256
    m_ReflectionCompression: 2
    m_MixedBakeMode: 2
    m_BakeBackend: 1
    m_PVRSampling: 1
    m_PVRDirectSampleCount: 32
    m_PVRSampleCount: 256
    m_PVRBounces: 2
    m_PVRFilterTypeDirect: 0
    m_PVRFilterTypeIndirect: 0
    m_PVRFilterTypeAO: 0
    m_PVRFilteringMode: 1
    m_PVRCulling: 1
    m_PVRFilteringGaussRadiusDirect: 1
    m_PVRFilteringGaussRadiusIndirect: 5
    m_PVRFilteringGaussRadiusAO: 2
    m_PVRFilteringAtrousPositionSigmaDirect: 0.5
    m_PVRFilteringAtrousPositionSigmaIndirect: 2
    m_PVRFilteringAtrousPositionSigmaAO: 1
    m_ShowResolutionOverlay: 1
  m_LightingDataAsset: {fileID: 0}
  m_UseShadowmask: 1
--- !u!196 &4
NavMeshSettings:
  serializedVersion: 2
  m_ObjectHideFlags: 0
  m_BuildSettings:
    serializedVersion: 2
    agentTypeID: 0
    agentRadius: 0.5
    agentHeight: 2
    agentSlope: 45
    agentClimb: 0.4
    ledgeDropHeight: 0
    maxJumpAcrossDistance: 0
    minRegionArea: 2
    manualCellSize: 0
    cellSize: 0.16666667
    manualTileSize: 0
    tileSize: 256
    accuratePlacement: 0
    debug:
      m_Flags: 0
  m_NavMeshData: {fileID: 0}
--- !u!4 &128496061 stripped
Transform:
  m_CorrespondingSourceObject: {fileID: 4302219911951206, guid: 3083edbe3cab62c40b84e206f03bc720,
    type: 2}
  m_PrefabInternal: {fileID: 1126529443}
--- !u!1 &170076733
GameObject:
  m_ObjectHideFlags: 0
  m_CorrespondingSourceObject: {fileID: 0}
  m_PrefabInternal: {fileID: 0}
  serializedVersion: 6
  m_Component:
  - component: {fileID: 170076735}
  - component: {fileID: 170076734}
  m_Layer: 0
  m_Name: Directional Light
  m_TagString: Untagged
  m_Icon: {fileID: 0}
  m_NavMeshLayer: 0
  m_StaticEditorFlags: 0
  m_IsActive: 1
--- !u!108 &170076734
Light:
  m_ObjectHideFlags: 0
  m_CorrespondingSourceObject: {fileID: 0}
  m_PrefabInternal: {fileID: 0}
  m_GameObject: {fileID: 170076733}
  m_Enabled: 1
  serializedVersion: 8
  m_Type: 1
  m_Color: {r: 1, g: 0.95686275, b: 0.8392157, a: 1}
  m_Intensity: 1
  m_Range: 10
  m_SpotAngle: 30
  m_CookieSize: 10
  m_Shadows:
    m_Type: 2
    m_Resolution: -1
    m_CustomResolution: -1
    m_Strength: 1
    m_Bias: 0.05
    m_NormalBias: 0.4
    m_NearPlane: 0.2
  m_Cookie: {fileID: 0}
  m_DrawHalo: 0
  m_Flare: {fileID: 0}
  m_RenderMode: 0
  m_CullingMask:
    serializedVersion: 2
    m_Bits: 4294967295
  m_Lightmapping: 1
  m_LightShadowCasterMode: 0
  m_AreaSize: {x: 1, y: 1}
  m_BounceIntensity: 1
  m_ColorTemperature: 6570
  m_UseColorTemperature: 0
  m_ShadowRadius: 0
  m_ShadowAngle: 0
--- !u!4 &170076735
Transform:
  m_ObjectHideFlags: 0
  m_CorrespondingSourceObject: {fileID: 0}
  m_PrefabInternal: {fileID: 0}
  m_GameObject: {fileID: 170076733}
  m_LocalRotation: {x: 0.40821788, y: -0.23456968, z: 0.10938163, w: 0.8754261}
  m_LocalPosition: {x: 0, y: 3, z: 0}
  m_LocalScale: {x: 1, y: 1, z: 1}
  m_Children: []
  m_Father: {fileID: 0}
  m_RootOrder: 3
  m_LocalEulerAnglesHint: {x: 50, y: -30, z: 0}
--- !u!1001 &178480185
Prefab:
  m_ObjectHideFlags: 0
  serializedVersion: 2
  m_Modification:
    m_TransformParent: {fileID: 574031786}
    m_Modifications:
    - target: {fileID: 4727856960119806, guid: 7f792822c1e925341b27a8078ef142df, type: 2}
      propertyPath: m_LocalPosition.x
      value: 0
      objectReference: {fileID: 0}
    - target: {fileID: 4727856960119806, guid: 7f792822c1e925341b27a8078ef142df, type: 2}
      propertyPath: m_LocalPosition.y
      value: 1.09
      objectReference: {fileID: 0}
    - target: {fileID: 4727856960119806, guid: 7f792822c1e925341b27a8078ef142df, type: 2}
      propertyPath: m_LocalPosition.z
      value: 0
      objectReference: {fileID: 0}
    - target: {fileID: 4727856960119806, guid: 7f792822c1e925341b27a8078ef142df, type: 2}
      propertyPath: m_LocalRotation.x
      value: 0
      objectReference: {fileID: 0}
    - target: {fileID: 4727856960119806, guid: 7f792822c1e925341b27a8078ef142df, type: 2}
      propertyPath: m_LocalRotation.y
      value: 0
      objectReference: {fileID: 0}
    - target: {fileID: 4727856960119806, guid: 7f792822c1e925341b27a8078ef142df, type: 2}
      propertyPath: m_LocalRotation.z
      value: 0
      objectReference: {fileID: 0}
    - target: {fileID: 4727856960119806, guid: 7f792822c1e925341b27a8078ef142df, type: 2}
      propertyPath: m_LocalRotation.w
      value: 1
      objectReference: {fileID: 0}
    - target: {fileID: 4727856960119806, guid: 7f792822c1e925341b27a8078ef142df, type: 2}
      propertyPath: m_RootOrder
      value: 2
      objectReference: {fileID: 0}
    - target: {fileID: 1943833573077904, guid: 7f792822c1e925341b27a8078ef142df, type: 2}
      propertyPath: m_TagString
      value: escenario
      objectReference: {fileID: 0}
    m_RemovedComponents: []
  m_SourcePrefab: {fileID: 100100000, guid: 7f792822c1e925341b27a8078ef142df, type: 2}
  m_IsPrefabAsset: 0
--- !u!4 &186837722 stripped
Transform:
  m_CorrespondingSourceObject: {fileID: 4179379436663632, guid: 3dea8339acc608b4a874cf4bf2bbfaf9,
    type: 2}
  m_PrefabInternal: {fileID: 2100688619}
--- !u!1 &200280958
GameObject:
  m_ObjectHideFlags: 0
  m_CorrespondingSourceObject: {fileID: 0}
  m_PrefabInternal: {fileID: 0}
  serializedVersion: 6
  m_Component:
  - component: {fileID: 200280959}
  m_Layer: 0
  m_Name: Objetivo
  m_TagString: Untagged
  m_Icon: {fileID: 0}
  m_NavMeshLayer: 0
  m_StaticEditorFlags: 0
  m_IsActive: 1
--- !u!4 &200280959
Transform:
  m_ObjectHideFlags: 0
  m_CorrespondingSourceObject: {fileID: 0}
  m_PrefabInternal: {fileID: 0}
  m_GameObject: {fileID: 200280958}
  m_LocalRotation: {x: 0, y: 0, z: 0, w: 1}
  m_LocalPosition: {x: 0, y: 0, z: 50}
  m_LocalScale: {x: 1, y: 1, z: 1}
  m_Children: []
  m_Father: {fileID: 0}
  m_RootOrder: 10
  m_LocalEulerAnglesHint: {x: 0, y: 0, z: 0}
--- !u!1 &246425211
GameObject:
  m_ObjectHideFlags: 0
  m_CorrespondingSourceObject: {fileID: 0}
  m_PrefabInternal: {fileID: 0}
  serializedVersion: 6
  m_Component:
  - component: {fileID: 246425212}
  - component: {fileID: 246425215}
  - component: {fileID: 246425214}
  - component: {fileID: 246425213}
  m_Layer: 0
  m_Name: Cube
  m_TagString: escenario
  m_Icon: {fileID: 0}
  m_NavMeshLayer: 0
  m_StaticEditorFlags: 0
  m_IsActive: 1
--- !u!4 &246425212
Transform:
  m_ObjectHideFlags: 0
  m_CorrespondingSourceObject: {fileID: 0}
  m_PrefabInternal: {fileID: 0}
  m_GameObject: {fileID: 246425211}
  m_LocalRotation: {x: 0, y: 0, z: 0, w: 1}
  m_LocalPosition: {x: 0, y: 0, z: 0}
  m_LocalScale: {x: 95.9028, y: 3, z: 69.358795}
  m_Children: []
  m_Father: {fileID: 574031786}
  m_RootOrder: 0
  m_LocalEulerAnglesHint: {x: 0, y: 0, z: 0}
--- !u!65 &246425213
BoxCollider:
  m_ObjectHideFlags: 0
  m_CorrespondingSourceObject: {fileID: 0}
  m_PrefabInternal: {fileID: 0}
  m_GameObject: {fileID: 246425211}
  m_Material: {fileID: 0}
  m_IsTrigger: 0
  m_Enabled: 1
  serializedVersion: 2
  m_Size: {x: 1, y: 1, z: 1}
  m_Center: {x: 0, y: 0, z: 0}
--- !u!23 &246425214
MeshRenderer:
  m_ObjectHideFlags: 0
  m_CorrespondingSourceObject: {fileID: 0}
  m_PrefabInternal: {fileID: 0}
  m_GameObject: {fileID: 246425211}
  m_Enabled: 1
  m_CastShadows: 1
  m_ReceiveShadows: 1
  m_DynamicOccludee: 1
  m_MotionVectors: 1
  m_LightProbeUsage: 1
  m_ReflectionProbeUsage: 1
  m_RenderingLayerMask: 4294967295
  m_Materials:
  - {fileID: 2100000, guid: 104c1769cd0ada445b21b7c7df87f9aa, type: 2}
  m_StaticBatchInfo:
    firstSubMesh: 0
    subMeshCount: 0
  m_StaticBatchRoot: {fileID: 0}
  m_ProbeAnchor: {fileID: 0}
  m_LightProbeVolumeOverride: {fileID: 0}
  m_ScaleInLightmap: 1
  m_PreserveUVs: 0
  m_IgnoreNormalsForChartDetection: 0
  m_ImportantGI: 0
  m_StitchLightmapSeams: 0
  m_SelectedEditorRenderState: 3
  m_MinimumChartSize: 4
  m_AutoUVMaxDistance: 0.5
  m_AutoUVMaxAngle: 89
  m_LightmapParameters: {fileID: 0}
  m_SortingLayerID: 0
  m_SortingLayer: 0
  m_SortingOrder: 0
--- !u!33 &246425215
MeshFilter:
  m_ObjectHideFlags: 0
  m_CorrespondingSourceObject: {fileID: 0}
  m_PrefabInternal: {fileID: 0}
  m_GameObject: {fileID: 246425211}
  m_Mesh: {fileID: 10202, guid: 0000000000000000e000000000000000, type: 0}
--- !u!1 &254128250
GameObject:
  m_ObjectHideFlags: 0
  m_CorrespondingSourceObject: {fileID: 0}
  m_PrefabInternal: {fileID: 0}
  serializedVersion: 6
  m_Component:
  - component: {fileID: 254128252}
  - component: {fileID: 254128251}
  m_Layer: 0
  m_Name: nivel
  m_TagString: nivel
  m_Icon: {fileID: 0}
  m_NavMeshLayer: 0
  m_StaticEditorFlags: 0
  m_IsActive: 1
--- !u!114 &254128251
MonoBehaviour:
  m_ObjectHideFlags: 0
  m_CorrespondingSourceObject: {fileID: 0}
  m_PrefabInternal: {fileID: 0}
  m_GameObject: {fileID: 254128250}
  m_Enabled: 1
  m_EditorHideFlags: 0
  m_Script: {fileID: 11500000, guid: db06aad590b093f49b674635e4fbbf33, type: 3}
  m_Name: 
  m_EditorClassIdentifier: 
  PuntoA: {fileID: 1335852130}
  PuntoB: {fileID: 1153377392}
  PuntoC: {fileID: 1831581010}
  PuntoD: {fileID: 1759869012}
  Objetivo: {fileID: 200280958}
  velocidadgiro: 2
  tiempoEspera: 1.4
--- !u!4 &254128252
Transform:
  m_ObjectHideFlags: 0
  m_CorrespondingSourceObject: {fileID: 0}
  m_PrefabInternal: {fileID: 0}
  m_GameObject: {fileID: 254128250}
  m_LocalRotation: {x: -0, y: -0, z: -0, w: 1}
  m_LocalPosition: {x: 0, y: 0, z: 0}
  m_LocalScale: {x: 1, y: 1, z: 1}
  m_Children:
  - {fileID: 574031786}
  m_Father: {fileID: 0}
  m_RootOrder: 11
  m_LocalEulerAnglesHint: {x: 0, y: 0, z: 0}
--- !u!1 &324096719 stripped
GameObject:
  m_CorrespondingSourceObject: {fileID: 1943833573077904, guid: 7f792822c1e925341b27a8078ef142df,
    type: 2}
  m_PrefabInternal: {fileID: 178480185}
--- !u!114 &324096720
MonoBehaviour:
  m_ObjectHideFlags: 0
  m_CorrespondingSourceObject: {fileID: 0}
  m_PrefabInternal: {fileID: 0}
  m_GameObject: {fileID: 324096719}
  m_Enabled: 1
  m_EditorHideFlags: 0
  m_Script: {fileID: 11500000, guid: 21b5333bd19f3ba4c9875ceabbe94d4e, type: 3}
  m_Name: 
  m_EditorClassIdentifier: 
  acceso: 0
  ultimoNivel: 0
--- !u!1 &325352369
GameObject:
  m_ObjectHideFlags: 0
  m_CorrespondingSourceObject: {fileID: 0}
  m_PrefabInternal: {fileID: 0}
  serializedVersion: 6
  m_Component:
  - component: {fileID: 325352370}
  m_Layer: 0
  m_Name: GameObject
  m_TagString: Untagged
  m_Icon: {fileID: 0}
  m_NavMeshLayer: 0
  m_StaticEditorFlags: 0
  m_IsActive: 1
--- !u!4 &325352370
Transform:
  m_ObjectHideFlags: 0
  m_CorrespondingSourceObject: {fileID: 0}
  m_PrefabInternal: {fileID: 0}
  m_GameObject: {fileID: 325352369}
  m_LocalRotation: {x: -0, y: -0, z: -0, w: 1}
  m_LocalPosition: {x: -2.3780499, y: 2.3707, z: 1.2430887}
  m_LocalScale: {x: 1.7414, y: 1.7414, z: 1.7414}
  m_Children: []
  m_Father: {fileID: 0}
  m_RootOrder: 2
  m_LocalEulerAnglesHint: {x: 0, y: 0, z: 0}
--- !u!1 &354223512
GameObject:
  m_ObjectHideFlags: 0
  m_CorrespondingSourceObject: {fileID: 0}
  m_PrefabInternal: {fileID: 0}
  serializedVersion: 6
  m_Component:
  - component: {fileID: 354223513}
  m_Layer: 0
  m_Name: GameObject (3)
  m_TagString: Untagged
  m_Icon: {fileID: 0}
  m_NavMeshLayer: 0
  m_StaticEditorFlags: 0
  m_IsActive: 1
--- !u!4 &354223513
Transform:
  m_ObjectHideFlags: 0
  m_CorrespondingSourceObject: {fileID: 0}
  m_PrefabInternal: {fileID: 0}
  m_GameObject: {fileID: 354223512}
  m_LocalRotation: {x: 0, y: 0, z: 0, w: 1}
  m_LocalPosition: {x: 0, y: 0, z: -30.6}
  m_LocalScale: {x: 1, y: 1, z: 1}
  m_Children: []
  m_Father: {fileID: 652017338}
  m_RootOrder: 3
  m_LocalEulerAnglesHint: {x: 0, y: 0, z: 0}
--- !u!1001 &390115340
Prefab:
  m_ObjectHideFlags: 0
  serializedVersion: 2
  m_Modification:
    m_TransformParent: {fileID: 0}
    m_Modifications:
    - target: {fileID: 4929118869533342, guid: 9264e2727eb368c45b3a668591a3f6c5, type: 2}
      propertyPath: m_LocalPosition.x
      value: 3.54
      objectReference: {fileID: 0}
    - target: {fileID: 4929118869533342, guid: 9264e2727eb368c45b3a668591a3f6c5, type: 2}
      propertyPath: m_LocalPosition.y
      value: 4.11
      objectReference: {fileID: 0}
    - target: {fileID: 4929118869533342, guid: 9264e2727eb368c45b3a668591a3f6c5, type: 2}
      propertyPath: m_LocalPosition.z
      value: -7.3363676
      objectReference: {fileID: 0}
    - target: {fileID: 4929118869533342, guid: 9264e2727eb368c45b3a668591a3f6c5, type: 2}
      propertyPath: m_LocalRotation.x
      value: 0
      objectReference: {fileID: 0}
    - target: {fileID: 4929118869533342, guid: 9264e2727eb368c45b3a668591a3f6c5, type: 2}
      propertyPath: m_LocalRotation.y
      value: 0
      objectReference: {fileID: 0}
    - target: {fileID: 4929118869533342, guid: 9264e2727eb368c45b3a668591a3f6c5, type: 2}
      propertyPath: m_LocalRotation.z
      value: 0
      objectReference: {fileID: 0}
    - target: {fileID: 4929118869533342, guid: 9264e2727eb368c45b3a668591a3f6c5, type: 2}
      propertyPath: m_LocalRotation.w
      value: 1
      objectReference: {fileID: 0}
    - target: {fileID: 4929118869533342, guid: 9264e2727eb368c45b3a668591a3f6c5, type: 2}
      propertyPath: m_RootOrder
      value: 5
      objectReference: {fileID: 0}
    - target: {fileID: 4929118869533342, guid: 9264e2727eb368c45b3a668591a3f6c5, type: 2}
      propertyPath: m_LocalScale.x
      value: 5
      objectReference: {fileID: 0}
    - target: {fileID: 4929118869533342, guid: 9264e2727eb368c45b3a668591a3f6c5, type: 2}
      propertyPath: m_LocalScale.y
      value: 5
      objectReference: {fileID: 0}
    - target: {fileID: 4929118869533342, guid: 9264e2727eb368c45b3a668591a3f6c5, type: 2}
      propertyPath: m_LocalScale.z
      value: 5
      objectReference: {fileID: 0}
    - target: {fileID: 1453827597713958, guid: 9264e2727eb368c45b3a668591a3f6c5, type: 2}
      propertyPath: m_IsActive
      value: 0
      objectReference: {fileID: 0}
    m_RemovedComponents: []
  m_SourcePrefab: {fileID: 100100000, guid: 9264e2727eb368c45b3a668591a3f6c5, type: 2}
  m_IsPrefabAsset: 0
--- !u!4 &412609623 stripped
Transform:
  m_CorrespondingSourceObject: {fileID: 4031175848707544, guid: afe2618ec50d288438515eebccabfe52,
    type: 2}
  m_PrefabInternal: {fileID: 1832093539}
--- !u!1 &418813764
GameObject:
  m_ObjectHideFlags: 0
  m_CorrespondingSourceObject: {fileID: 1465084426868900, guid: 1aa19db9a3cd85e488ad7e0fe6b533ad,
    type: 2}
  m_PrefabInternal: {fileID: 0}
  serializedVersion: 6
  m_Component:
  - component: {fileID: 418813765}
  - component: {fileID: 418813769}
  - component: {fileID: 418813768}
  - component: {fileID: 418813767}
  - component: {fileID: 418813766}
  m_Layer: 5
  m_Name: niveles
  m_TagString: Untagged
  m_Icon: {fileID: 0}
  m_NavMeshLayer: 0
  m_StaticEditorFlags: 0
  m_IsActive: 1
--- !u!224 &418813765
RectTransform:
  m_ObjectHideFlags: 0
  m_CorrespondingSourceObject: {fileID: 224239912820325926, guid: 1aa19db9a3cd85e488ad7e0fe6b533ad,
    type: 2}
  m_PrefabInternal: {fileID: 0}
  m_GameObject: {fileID: 418813764}
  m_LocalRotation: {x: -0, y: -0, z: -0, w: 1}
  m_LocalPosition: {x: 0, y: 0, z: 0}
  m_LocalScale: {x: 1, y: 1, z: 1}
  m_Children: []
  m_Father: {fileID: 946774518}
  m_RootOrder: 4
  m_LocalEulerAnglesHint: {x: 0, y: 0, z: 0}
  m_AnchorMin: {x: 0.5, y: 0.5}
  m_AnchorMax: {x: 0.5, y: 0.5}
  m_AnchoredPosition: {x: -23.400024, y: -47.60001}
  m_SizeDelta: {x: 50, y: 50}
  m_Pivot: {x: 0.5, y: 0.5}
--- !u!95 &418813766
Animator:
  serializedVersion: 3
  m_ObjectHideFlags: 0
  m_CorrespondingSourceObject: {fileID: 95195649885181526, guid: 1aa19db9a3cd85e488ad7e0fe6b533ad,
    type: 2}
  m_PrefabInternal: {fileID: 0}
  m_GameObject: {fileID: 418813764}
  m_Enabled: 1
  m_Avatar: {fileID: 0}
  m_Controller: {fileID: 9100000, guid: 973ae224de99daf47befadaff175a8c4, type: 2}
  m_CullingMode: 0
  m_UpdateMode: 0
  m_ApplyRootMotion: 0
  m_LinearVelocityBlending: 0
  m_WarningMessage: 
  m_HasTransformHierarchy: 1
  m_AllowConstantClipSamplingOptimization: 1
  m_KeepAnimatorControllerStateOnDisable: 0
--- !u!114 &418813767
MonoBehaviour:
  m_ObjectHideFlags: 0
  m_CorrespondingSourceObject: {fileID: 114084803675679250, guid: 1aa19db9a3cd85e488ad7e0fe6b533ad,
    type: 2}
  m_PrefabInternal: {fileID: 0}
  m_GameObject: {fileID: 418813764}
  m_Enabled: 1
  m_EditorHideFlags: 0
  m_Script: {fileID: 1392445389, guid: f70555f144d8491a825f0804e09c671c, type: 3}
  m_Name: 
  m_EditorClassIdentifier: 
  m_Navigation:
    m_Mode: 3
    m_SelectOnUp: {fileID: 0}
    m_SelectOnDown: {fileID: 0}
    m_SelectOnLeft: {fileID: 0}
    m_SelectOnRight: {fileID: 0}
  m_Transition: 1
  m_Colors:
    m_NormalColor: {r: 1, g: 1, b: 1, a: 1}
    m_HighlightedColor: {r: 0.9607843, g: 0.9607843, b: 0.9607843, a: 1}
    m_PressedColor: {r: 0.78431374, g: 0.78431374, b: 0.78431374, a: 1}
    m_DisabledColor: {r: 0.78431374, g: 0.78431374, b: 0.78431374, a: 0.5019608}
    m_ColorMultiplier: 1
    m_FadeDuration: 0.1
  m_SpriteState:
    m_HighlightedSprite: {fileID: 0}
    m_PressedSprite: {fileID: 0}
    m_DisabledSprite: {fileID: 0}
  m_AnimationTriggers:
    m_NormalTrigger: Normal
    m_HighlightedTrigger: Highlighted
    m_PressedTrigger: Pressed
    m_DisabledTrigger: Disabled
  m_Interactable: 1
  m_TargetGraphic: {fileID: 418813768}
  m_OnClick:
    m_PersistentCalls:
      m_Calls: []
    m_TypeName: UnityEngine.UI.Button+ButtonClickedEvent, UnityEngine.UI, Version=1.0.0.0,
      Culture=neutral, PublicKeyToken=null
--- !u!114 &418813768
MonoBehaviour:
  m_ObjectHideFlags: 0
  m_CorrespondingSourceObject: {fileID: 114384310277810144, guid: 1aa19db9a3cd85e488ad7e0fe6b533ad,
    type: 2}
  m_PrefabInternal: {fileID: 0}
  m_GameObject: {fileID: 418813764}
  m_Enabled: 1
  m_EditorHideFlags: 0
  m_Script: {fileID: -765806418, guid: f70555f144d8491a825f0804e09c671c, type: 3}
  m_Name: 
  m_EditorClassIdentifier: 
  m_Material: {fileID: 0}
  m_Color: {r: 1, g: 1, b: 1, a: 1}
  m_RaycastTarget: 1
  m_OnCullStateChanged:
    m_PersistentCalls:
      m_Calls: []
    m_TypeName: UnityEngine.UI.MaskableGraphic+CullStateChangedEvent, UnityEngine.UI,
      Version=1.0.0.0, Culture=neutral, PublicKeyToken=null
  m_Sprite: {fileID: 21300000, guid: 5704860b2508ce542aa63d79d4c7d99a, type: 3}
  m_Type: 0
  m_PreserveAspect: 0
  m_FillCenter: 1
  m_FillMethod: 4
  m_FillAmount: 1
  m_FillClockwise: 1
  m_FillOrigin: 0
--- !u!222 &418813769
CanvasRenderer:
  m_ObjectHideFlags: 0
  m_CorrespondingSourceObject: {fileID: 222003002291469402, guid: 1aa19db9a3cd85e488ad7e0fe6b533ad,
    type: 2}
  m_PrefabInternal: {fileID: 0}
  m_GameObject: {fileID: 418813764}
  m_CullTransparentMesh: 0
--- !u!1 &448859412
GameObject:
  m_ObjectHideFlags: 0
  m_CorrespondingSourceObject: {fileID: 1598780656102454, guid: 1aa19db9a3cd85e488ad7e0fe6b533ad,
    type: 2}
  m_PrefabInternal: {fileID: 0}
  serializedVersion: 6
  m_Component:
  - component: {fileID: 448859413}
  - component: {fileID: 448859417}
  - component: {fileID: 448859416}
  - component: {fileID: 448859415}
  - component: {fileID: 448859414}
  m_Layer: 5
  m_Name: home
  m_TagString: Untagged
  m_Icon: {fileID: 0}
  m_NavMeshLayer: 0
  m_StaticEditorFlags: 0
  m_IsActive: 1
--- !u!224 &448859413
RectTransform:
  m_ObjectHideFlags: 0
  m_CorrespondingSourceObject: {fileID: 224488117803202798, guid: 1aa19db9a3cd85e488ad7e0fe6b533ad,
    type: 2}
  m_PrefabInternal: {fileID: 0}
  m_GameObject: {fileID: 448859412}
  m_LocalRotation: {x: -0, y: -0, z: -0, w: 1}
  m_LocalPosition: {x: 0, y: 0, z: 0}
  m_LocalScale: {x: 1, y: 1, z: 1}
  m_Children: []
  m_Father: {fileID: 946774518}
  m_RootOrder: 3
  m_LocalEulerAnglesHint: {x: 0, y: 0, z: 0}
  m_AnchorMin: {x: 0.5, y: 0.5}
  m_AnchorMax: {x: 0.5, y: 0.5}
  m_AnchoredPosition: {x: -73.4, y: -47.60001}
  m_SizeDelta: {x: 50, y: 50}
  m_Pivot: {x: 0.5, y: 0.5}
--- !u!95 &448859414
Animator:
  serializedVersion: 3
  m_ObjectHideFlags: 0
  m_CorrespondingSourceObject: {fileID: 95892534348688416, guid: 1aa19db9a3cd85e488ad7e0fe6b533ad,
    type: 2}
  m_PrefabInternal: {fileID: 0}
  m_GameObject: {fileID: 448859412}
  m_Enabled: 1
  m_Avatar: {fileID: 0}
  m_Controller: {fileID: 9100000, guid: 973ae224de99daf47befadaff175a8c4, type: 2}
  m_CullingMode: 0
  m_UpdateMode: 0
  m_ApplyRootMotion: 0
  m_LinearVelocityBlending: 0
  m_WarningMessage: 
  m_HasTransformHierarchy: 1
  m_AllowConstantClipSamplingOptimization: 1
  m_KeepAnimatorControllerStateOnDisable: 0
--- !u!114 &448859415
MonoBehaviour:
  m_ObjectHideFlags: 0
  m_CorrespondingSourceObject: {fileID: 114399170979613522, guid: 1aa19db9a3cd85e488ad7e0fe6b533ad,
    type: 2}
  m_PrefabInternal: {fileID: 0}
  m_GameObject: {fileID: 448859412}
  m_Enabled: 1
  m_EditorHideFlags: 0
  m_Script: {fileID: 1392445389, guid: f70555f144d8491a825f0804e09c671c, type: 3}
  m_Name: 
  m_EditorClassIdentifier: 
  m_Navigation:
    m_Mode: 3
    m_SelectOnUp: {fileID: 0}
    m_SelectOnDown: {fileID: 0}
    m_SelectOnLeft: {fileID: 0}
    m_SelectOnRight: {fileID: 0}
  m_Transition: 3
  m_Colors:
    m_NormalColor: {r: 1, g: 1, b: 1, a: 1}
    m_HighlightedColor: {r: 0.9607843, g: 0.9607843, b: 0.9607843, a: 1}
    m_PressedColor: {r: 0.78431374, g: 0.78431374, b: 0.78431374, a: 1}
    m_DisabledColor: {r: 0.78431374, g: 0.78431374, b: 0.78431374, a: 0.5019608}
    m_ColorMultiplier: 1
    m_FadeDuration: 0.1
  m_SpriteState:
    m_HighlightedSprite: {fileID: 0}
    m_PressedSprite: {fileID: 0}
    m_DisabledSprite: {fileID: 0}
  m_AnimationTriggers:
    m_NormalTrigger: Normal
    m_HighlightedTrigger: Highlighted
    m_PressedTrigger: Pressed
    m_DisabledTrigger: Disabled
  m_Interactable: 1
  m_TargetGraphic: {fileID: 448859416}
  m_OnClick:
    m_PersistentCalls:
      m_Calls:
      - m_Target: {fileID: 0}
        m_MethodName: 
        m_Mode: 1
        m_Arguments:
          m_ObjectArgument: {fileID: 0}
          m_ObjectArgumentAssemblyTypeName: UnityEngine.Object, UnityEngine
          m_IntArgument: 0
          m_FloatArgument: 0
          m_StringArgument: 
          m_BoolArgument: 0
        m_CallState: 0
    m_TypeName: UnityEngine.UI.Button+ButtonClickedEvent, UnityEngine.UI, Version=1.0.0.0,
      Culture=neutral, PublicKeyToken=null
--- !u!114 &448859416
MonoBehaviour:
  m_ObjectHideFlags: 0
  m_CorrespondingSourceObject: {fileID: 114726795143995360, guid: 1aa19db9a3cd85e488ad7e0fe6b533ad,
    type: 2}
  m_PrefabInternal: {fileID: 0}
  m_GameObject: {fileID: 448859412}
  m_Enabled: 1
  m_EditorHideFlags: 0
  m_Script: {fileID: -765806418, guid: f70555f144d8491a825f0804e09c671c, type: 3}
  m_Name: 
  m_EditorClassIdentifier: 
  m_Material: {fileID: 0}
  m_Color: {r: 1, g: 1, b: 1, a: 1}
  m_RaycastTarget: 1
  m_OnCullStateChanged:
    m_PersistentCalls:
      m_Calls: []
    m_TypeName: UnityEngine.UI.MaskableGraphic+CullStateChangedEvent, UnityEngine.UI,
      Version=1.0.0.0, Culture=neutral, PublicKeyToken=null
  m_Sprite: {fileID: 21300000, guid: 91c29ac03cff7f54d9c92988805a3e39, type: 3}
  m_Type: 0
  m_PreserveAspect: 0
  m_FillCenter: 1
  m_FillMethod: 4
  m_FillAmount: 1
  m_FillClockwise: 1
  m_FillOrigin: 0
--- !u!222 &448859417
CanvasRenderer:
  m_ObjectHideFlags: 0
  m_CorrespondingSourceObject: {fileID: 222139837352250666, guid: 1aa19db9a3cd85e488ad7e0fe6b533ad,
    type: 2}
  m_PrefabInternal: {fileID: 0}
  m_GameObject: {fileID: 448859412}
  m_CullTransparentMesh: 0
--- !u!1 &534669902
GameObject:
  m_ObjectHideFlags: 0
  m_CorrespondingSourceObject: {fileID: 0}
  m_PrefabInternal: {fileID: 0}
  serializedVersion: 6
  m_Component:
  - component: {fileID: 534669905}
  - component: {fileID: 534669904}
  - component: {fileID: 534669903}
  m_Layer: 0
  m_Name: Main Camera
  m_TagString: Untagged
  m_Icon: {fileID: 0}
  m_NavMeshLayer: 0
  m_StaticEditorFlags: 0
  m_IsActive: 1
--- !u!81 &534669903
AudioListener:
  m_ObjectHideFlags: 0
  m_CorrespondingSourceObject: {fileID: 0}
  m_PrefabInternal: {fileID: 0}
  m_GameObject: {fileID: 534669902}
  m_Enabled: 1
--- !u!20 &534669904
Camera:
  m_ObjectHideFlags: 0
  m_CorrespondingSourceObject: {fileID: 0}
  m_PrefabInternal: {fileID: 0}
  m_GameObject: {fileID: 534669902}
  m_Enabled: 1
  serializedVersion: 2
  m_ClearFlags: 1
  m_BackGroundColor: {r: 0.19215687, g: 0.3019608, b: 0.4745098, a: 0}
  m_projectionMatrixMode: 1
  m_SensorSize: {x: 36, y: 24}
  m_LensShift: {x: 0, y: 0}
  m_FocalLength: 50
  m_NormalizedViewPortRect:
    serializedVersion: 2
    x: 0
    y: 0
    width: 1
    height: 1
  near clip plane: 0.3
  far clip plane: 1000
  field of view: 60
  orthographic: 1
  orthographic size: 12
  m_Depth: -1
  m_CullingMask:
    serializedVersion: 2
    m_Bits: 4294967295
  m_RenderingPath: -1
  m_TargetTexture: {fileID: 0}
  m_TargetDisplay: 0
  m_TargetEye: 3
  m_HDR: 1
  m_AllowMSAA: 1
  m_AllowDynamicResolution: 0
  m_ForceIntoRT: 0
  m_OcclusionCulling: 1
  m_StereoConvergence: 10
  m_StereoSeparation: 0.022
--- !u!4 &534669905
Transform:
  m_ObjectHideFlags: 0
  m_CorrespondingSourceObject: {fileID: 0}
  m_PrefabInternal: {fileID: 0}
  m_GameObject: {fileID: 534669902}
  m_LocalRotation: {x: 0.14382501, y: 0.37365046, z: -0.058767054, w: 0.91446495}
  m_LocalPosition: {x: -33.00653, y: 18.879147, z: -33.109894}
  m_LocalScale: {x: 1, y: 1, z: 1}
  m_Children: []
  m_Father: {fileID: 0}
  m_RootOrder: 0
  m_LocalEulerAnglesHint: {x: 0, y: 0, z: 0}
--- !u!1 &574031785
GameObject:
  m_ObjectHideFlags: 0
  m_CorrespondingSourceObject: {fileID: 0}
  m_PrefabInternal: {fileID: 0}
  serializedVersion: 6
  m_Component:
  - component: {fileID: 574031786}
  m_Layer: 0
  m_Name: escenario
  m_TagString: escenario
  m_Icon: {fileID: 0}
  m_NavMeshLayer: 0
  m_StaticEditorFlags: 0
  m_IsActive: 1
--- !u!4 &574031786
Transform:
  m_ObjectHideFlags: 0
  m_CorrespondingSourceObject: {fileID: 0}
  m_PrefabInternal: {fileID: 0}
  m_GameObject: {fileID: 574031785}
  m_LocalRotation: {x: -0, y: -0, z: -0, w: 1}
  m_LocalPosition: {x: 0, y: 0, z: 0}
  m_LocalScale: {x: 1, y: 1, z: 1}
  m_Children:
  - {fileID: 246425212}
  - {fileID: 1334817494}
  - {fileID: 1839925417}
  - {fileID: 967220107}
  - {fileID: 128496061}
  - {fileID: 880323115}
  - {fileID: 1228895683}
  - {fileID: 1251131049}
  - {fileID: 186837722}
  - {fileID: 1158268790}
  m_Father: {fileID: 254128252}
  m_RootOrder: 0
  m_LocalEulerAnglesHint: {x: 0, y: 0, z: 0}
--- !u!4 &652017338 stripped
Transform:
  m_CorrespondingSourceObject: {fileID: 4728076749402320, guid: afe2618ec50d288438515eebccabfe52,
    type: 2}
  m_PrefabInternal: {fileID: 1832093539}
--- !u!1001 &654485859
Prefab:
  m_ObjectHideFlags: 0
  serializedVersion: 2
  m_Modification:
    m_TransformParent: {fileID: 574031786}
    m_Modifications:
    - target: {fileID: 4307922284281462, guid: 620406384b121ca48a606c0e2d89b5db, type: 2}
      propertyPath: m_LocalPosition.x
      value: -7.38
      objectReference: {fileID: 0}
    - target: {fileID: 4307922284281462, guid: 620406384b121ca48a606c0e2d89b5db, type: 2}
      propertyPath: m_LocalPosition.y
      value: 1.49
      objectReference: {fileID: 0}
    - target: {fileID: 4307922284281462, guid: 620406384b121ca48a606c0e2d89b5db, type: 2}
      propertyPath: m_LocalPosition.z
      value: -10.99
      objectReference: {fileID: 0}
    - target: {fileID: 4307922284281462, guid: 620406384b121ca48a606c0e2d89b5db, type: 2}
      propertyPath: m_LocalRotation.x
      value: -0
      objectReference: {fileID: 0}
    - target: {fileID: 4307922284281462, guid: 620406384b121ca48a606c0e2d89b5db, type: 2}
      propertyPath: m_LocalRotation.y
      value: -0.8424459
      objectReference: {fileID: 0}
    - target: {fileID: 4307922284281462, guid: 620406384b121ca48a606c0e2d89b5db, type: 2}
      propertyPath: m_LocalRotation.z
      value: -0
      objectReference: {fileID: 0}
    - target: {fileID: 4307922284281462, guid: 620406384b121ca48a606c0e2d89b5db, type: 2}
      propertyPath: m_LocalRotation.w
      value: 0.5387809
      objectReference: {fileID: 0}
    - target: {fileID: 4307922284281462, guid: 620406384b121ca48a606c0e2d89b5db, type: 2}
      propertyPath: m_RootOrder
      value: 6
      objectReference: {fileID: 0}
    - target: {fileID: 4307922284281462, guid: 620406384b121ca48a606c0e2d89b5db, type: 2}
      propertyPath: m_LocalEulerAnglesHint.y
      value: -114.799
      objectReference: {fileID: 0}
    - target: {fileID: 65233185886634088, guid: 620406384b121ca48a606c0e2d89b5db,
        type: 2}
      propertyPath: m_IsTrigger
      value: 1
      objectReference: {fileID: 0}
    - target: {fileID: 65233185886634088, guid: 620406384b121ca48a606c0e2d89b5db,
        type: 2}
      propertyPath: m_Size.y
      value: 0.9195754
      objectReference: {fileID: 0}
    - target: {fileID: 65233185886634088, guid: 620406384b121ca48a606c0e2d89b5db,
        type: 2}
      propertyPath: m_Center.y
      value: -0.04021183
      objectReference: {fileID: 0}
    - target: {fileID: 65233185886634088, guid: 620406384b121ca48a606c0e2d89b5db,
        type: 2}
      propertyPath: m_Center.z
      value: 0
      objectReference: {fileID: 0}
    m_RemovedComponents: []
  m_SourcePrefab: {fileID: 100100000, guid: 620406384b121ca48a606c0e2d89b5db, type: 2}
  m_IsPrefabAsset: 0
--- !u!1001 &778114269
Prefab:
  m_ObjectHideFlags: 0
  serializedVersion: 2
  m_Modification:
    m_TransformParent: {fileID: 0}
    m_Modifications:
    - target: {fileID: 4892416046805058, guid: 7d406924cd4684243a7c797a86f19b08, type: 2}
      propertyPath: m_LocalPosition.x
      value: 224.5
      objectReference: {fileID: 0}
    - target: {fileID: 4892416046805058, guid: 7d406924cd4684243a7c797a86f19b08, type: 2}
      propertyPath: m_LocalPosition.y
      value: 148.5
      objectReference: {fileID: 0}
    - target: {fileID: 4892416046805058, guid: 7d406924cd4684243a7c797a86f19b08, type: 2}
      propertyPath: m_LocalPosition.z
      value: 0
      objectReference: {fileID: 0}
    - target: {fileID: 4892416046805058, guid: 7d406924cd4684243a7c797a86f19b08, type: 2}
      propertyPath: m_LocalRotation.x
      value: -0
      objectReference: {fileID: 0}
    - target: {fileID: 4892416046805058, guid: 7d406924cd4684243a7c797a86f19b08, type: 2}
      propertyPath: m_LocalRotation.y
      value: -0
      objectReference: {fileID: 0}
    - target: {fileID: 4892416046805058, guid: 7d406924cd4684243a7c797a86f19b08, type: 2}
      propertyPath: m_LocalRotation.z
      value: -0
      objectReference: {fileID: 0}
    - target: {fileID: 4892416046805058, guid: 7d406924cd4684243a7c797a86f19b08, type: 2}
      propertyPath: m_LocalRotation.w
      value: 1
      objectReference: {fileID: 0}
    - target: {fileID: 4892416046805058, guid: 7d406924cd4684243a7c797a86f19b08, type: 2}
      propertyPath: m_RootOrder
      value: 9
      objectReference: {fileID: 0}
    - target: {fileID: 114173013146212958, guid: 7d406924cd4684243a7c797a86f19b08,
        type: 2}
      propertyPath: pauseMenu
      value: 
      objectReference: {fileID: 946774514}
    m_RemovedComponents: []
  m_SourcePrefab: {fileID: 100100000, guid: 7d406924cd4684243a7c797a86f19b08, type: 2}
  m_IsPrefabAsset: 0
--- !u!1 &861289570
GameObject:
  m_ObjectHideFlags: 0
  m_CorrespondingSourceObject: {fileID: 1200997675565594, guid: 1aa19db9a3cd85e488ad7e0fe6b533ad,
    type: 2}
  m_PrefabInternal: {fileID: 0}
  serializedVersion: 6
  m_Component:
  - component: {fileID: 861289571}
  - component: {fileID: 861289573}
  - component: {fileID: 861289572}
  m_Layer: 5
  m_Name: pausa
  m_TagString: Untagged
  m_Icon: {fileID: 0}
  m_NavMeshLayer: 0
  m_StaticEditorFlags: 0
  m_IsActive: 1
--- !u!224 &861289571
RectTransform:
  m_ObjectHideFlags: 0
  m_CorrespondingSourceObject: {fileID: 224487404058240772, guid: 1aa19db9a3cd85e488ad7e0fe6b533ad,
    type: 2}
  m_PrefabInternal: {fileID: 0}
  m_GameObject: {fileID: 861289570}
  m_LocalRotation: {x: 0, y: 0, z: 0, w: 1}
  m_LocalPosition: {x: 0, y: 0, z: 0}
  m_LocalScale: {x: 1, y: 1, z: 1}
  m_Children: []
  m_Father: {fileID: 946774518}
  m_RootOrder: 7
  m_LocalEulerAnglesHint: {x: 0, y: 0, z: 0}
  m_AnchorMin: {x: 0.5, y: 0.5}
  m_AnchorMax: {x: 0.5, y: 0.5}
  m_AnchoredPosition: {x: 44.9, y: 22}
  m_SizeDelta: {x: 200, y: 50}
  m_Pivot: {x: 0.5, y: 0.5}
--- !u!114 &861289572
MonoBehaviour:
  m_ObjectHideFlags: 0
  m_CorrespondingSourceObject: {fileID: 114303273790315132, guid: 1aa19db9a3cd85e488ad7e0fe6b533ad,
    type: 2}
  m_PrefabInternal: {fileID: 0}
  m_GameObject: {fileID: 861289570}
  m_Enabled: 1
  m_EditorHideFlags: 0
  m_Script: {fileID: 1453722849, guid: 89f0137620f6af44b9ba852b4190e64e, type: 3}
  m_Name: 
  m_EditorClassIdentifier: 
  m_Material: {fileID: 0}
  m_Color: {r: 1, g: 1, b: 1, a: 1}
  m_RaycastTarget: 1
  m_OnCullStateChanged:
    m_PersistentCalls:
      m_Calls: []
    m_TypeName: UnityEngine.UI.MaskableGraphic+CullStateChangedEvent, UnityEngine.UI,
      Version=1.0.0.0, Culture=neutral, PublicKeyToken=null
  m_text: Pausa
  m_isRightToLeft: 0
  m_fontAsset: {fileID: 11400000, guid: 715b80e429c437e40867928a4e1fc975, type: 2}
  m_sharedMaterial: {fileID: 2180264, guid: 715b80e429c437e40867928a4e1fc975, type: 2}
  m_fontSharedMaterials: []
  m_fontMaterial: {fileID: 0}
  m_fontMaterials: []
  m_fontColor32:
    serializedVersion: 2
    rgba: 4294967295
  m_fontColor: {r: 1, g: 1, b: 1, a: 1}
  m_enableVertexGradient: 0
  m_fontColorGradient:
    topLeft: {r: 1, g: 1, b: 1, a: 1}
    topRight: {r: 1, g: 1, b: 1, a: 1}
    bottomLeft: {r: 1, g: 1, b: 1, a: 1}
    bottomRight: {r: 1, g: 1, b: 1, a: 1}
  m_fontColorGradientPreset: {fileID: 0}
  m_spriteAsset: {fileID: 0}
  m_tintAllSprites: 0
  m_overrideHtmlColors: 0
  m_faceColor:
    serializedVersion: 2
    rgba: 4294967295
  m_outlineColor:
    serializedVersion: 2
    rgba: 4278190080
  m_fontSize: 36
  m_fontSizeBase: 36
  m_fontWeight: 400
  m_enableAutoSizing: 0
  m_fontSizeMin: 18
  m_fontSizeMax: 72
  m_fontStyle: 1
  m_textAlignment: 257
  m_isAlignmentEnumConverted: 1
  m_characterSpacing: 0
  m_wordSpacing: 0
  m_lineSpacing: 0
  m_lineSpacingMax: 0
  m_paragraphSpacing: 0
  m_charWidthMaxAdj: 0
  m_enableWordWrapping: 1
  m_wordWrappingRatios: 0.4
  m_overflowMode: 0
  m_firstOverflowCharacterIndex: -1
  m_linkedTextComponent: {fileID: 0}
  m_isLinkedTextComponent: 0
  m_isTextTruncated: 0
  m_enableKerning: 1
  m_enableExtraPadding: 0
  checkPaddingRequired: 0
  m_isRichText: 1
  m_parseCtrlCharacters: 1
  m_isOrthographic: 1
  m_isCullingEnabled: 0
  m_ignoreRectMaskCulling: 0
  m_ignoreCulling: 1
  m_horizontalMapping: 0
  m_verticalMapping: 0
  m_uvLineOffset: 0
  m_geometrySortingOrder: 0
  m_firstVisibleCharacter: 0
  m_useMaxVisibleDescender: 1
  m_pageToDisplay: 1
  m_margin: {x: 0, y: 0, z: 9.386325, w: 0}
  m_textInfo:
    textComponent: {fileID: 861289572}
    characterCount: 5
    spriteCount: 0
    spaceCount: 0
    wordCount: 1
    linkCount: 0
    lineCount: 1
    pageCount: 1
    materialCount: 1
  m_havePropertiesChanged: 1
  m_isUsingLegacyAnimationComponent: 0
  m_isVolumetricText: 0
  m_spriteAnimator: {fileID: 0}
  m_isInputParsingRequired: 1
  m_inputSource: 0
  m_hasFontAssetChanged: 0
  m_subTextObjects:
  - {fileID: 0}
  - {fileID: 0}
  - {fileID: 0}
  - {fileID: 0}
  - {fileID: 0}
  - {fileID: 0}
  - {fileID: 0}
  - {fileID: 0}
  m_baseMaterial: {fileID: 0}
  m_maskOffset: {x: 0, y: 0, z: 0, w: 0}
--- !u!222 &861289573
CanvasRenderer:
  m_ObjectHideFlags: 0
  m_CorrespondingSourceObject: {fileID: 222833765464814728, guid: 1aa19db9a3cd85e488ad7e0fe6b533ad,
    type: 2}
  m_PrefabInternal: {fileID: 0}
  m_GameObject: {fileID: 861289570}
  m_CullTransparentMesh: 0
--- !u!4 &880323115 stripped
Transform:
  m_CorrespondingSourceObject: {fileID: 4554960735311680, guid: afe2618ec50d288438515eebccabfe52,
    type: 2}
  m_PrefabInternal: {fileID: 1832093539}
--- !u!1 &946774514
GameObject:
  m_ObjectHideFlags: 0
  m_CorrespondingSourceObject: {fileID: 1909840524970434, guid: 1aa19db9a3cd85e488ad7e0fe6b533ad,
    type: 2}
  m_PrefabInternal: {fileID: 0}
  serializedVersion: 6
  m_Component:
  - component: {fileID: 946774518}
  - component: {fileID: 946774517}
  - component: {fileID: 946774516}
  m_Layer: 5
  m_Name: pausa
  m_TagString: Untagged
  m_Icon: {fileID: 0}
  m_NavMeshLayer: 0
  m_StaticEditorFlags: 0
  m_IsActive: 0
--- !u!114 &946774516
MonoBehaviour:
  m_ObjectHideFlags: 0
  m_CorrespondingSourceObject: {fileID: 114151467674587980, guid: 1aa19db9a3cd85e488ad7e0fe6b533ad,
    type: 2}
  m_PrefabInternal: {fileID: 0}
  m_GameObject: {fileID: 946774514}
  m_Enabled: 1
  m_EditorHideFlags: 0
  m_Script: {fileID: -765806418, guid: f70555f144d8491a825f0804e09c671c, type: 3}
  m_Name: 
  m_EditorClassIdentifier: 
  m_Material: {fileID: 0}
  m_Color: {r: 0.24313726, g: 0.55233425, b: 0.77254903, a: 0.57254905}
  m_RaycastTarget: 1
  m_OnCullStateChanged:
    m_PersistentCalls:
      m_Calls: []
    m_TypeName: UnityEngine.UI.MaskableGraphic+CullStateChangedEvent, UnityEngine.UI,
      Version=1.0.0.0, Culture=neutral, PublicKeyToken=null
  m_Sprite: {fileID: 10907, guid: 0000000000000000f000000000000000, type: 0}
  m_Type: 1
  m_PreserveAspect: 0
  m_FillCenter: 1
  m_FillMethod: 4
  m_FillAmount: 1
  m_FillClockwise: 1
  m_FillOrigin: 0
--- !u!222 &946774517
CanvasRenderer:
  m_ObjectHideFlags: 0
  m_CorrespondingSourceObject: {fileID: 222950334886518106, guid: 1aa19db9a3cd85e488ad7e0fe6b533ad,
    type: 2}
  m_PrefabInternal: {fileID: 0}
  m_GameObject: {fileID: 946774514}
  m_CullTransparentMesh: 0
--- !u!224 &946774518
RectTransform:
  m_ObjectHideFlags: 0
  m_CorrespondingSourceObject: {fileID: 224736141080907380, guid: 1aa19db9a3cd85e488ad7e0fe6b533ad,
    type: 2}
  m_PrefabInternal: {fileID: 0}
  m_GameObject: {fileID: 946774514}
  m_LocalRotation: {x: -0, y: -0, z: -0, w: 1}
  m_LocalPosition: {x: 0, y: 0, z: 0}
  m_LocalScale: {x: 2.1002624, y: 2.1002624, z: 2.1002624}
  m_Children:
  - {fileID: 1845858606}
  - {fileID: 1122333315}
  - {fileID: 1104536746}
  - {fileID: 448859413}
  - {fileID: 418813765}
  - {fileID: 1440402749}
  - {fileID: 1449244113}
  - {fileID: 861289571}
  m_Father: {fileID: 0}
  m_RootOrder: 12
  m_LocalEulerAnglesHint: {x: 0, y: 0, z: 0}
  m_AnchorMin: {x: 0, y: 0}
  m_AnchorMax: {x: 1, y: 1}
  m_AnchoredPosition: {x: 0, y: 0}
  m_SizeDelta: {x: 0, y: 0}
  m_Pivot: {x: 0.5, y: 0.5}
--- !u!1 &967220106
GameObject:
  m_ObjectHideFlags: 0
  m_CorrespondingSourceObject: {fileID: 0}
  m_PrefabInternal: {fileID: 0}
  serializedVersion: 6
  m_Component:
  - component: {fileID: 967220107}
  - component: {fileID: 967220110}
  - component: {fileID: 967220109}
  - component: {fileID: 967220108}
  m_Layer: 0
  m_Name: Cube
  m_TagString: Untagged
  m_Icon: {fileID: 0}
  m_NavMeshLayer: 0
  m_StaticEditorFlags: 0
  m_IsActive: 1
--- !u!4 &967220107
Transform:
  m_ObjectHideFlags: 0
  m_CorrespondingSourceObject: {fileID: 0}
  m_PrefabInternal: {fileID: 0}
  m_GameObject: {fileID: 967220106}
  m_LocalRotation: {x: -0, y: -0, z: -0, w: 1}
  m_LocalPosition: {x: 0.03999996, y: 4.252698, z: 7.79}
  m_LocalScale: {x: 7.0847, y: 6.6063, z: 1}
  m_Children: []
  m_Father: {fileID: 574031786}
  m_RootOrder: 3
  m_LocalEulerAnglesHint: {x: 0, y: 0, z: 0}
--- !u!65 &967220108
BoxCollider:
  m_ObjectHideFlags: 0
  m_CorrespondingSourceObject: {fileID: 0}
  m_PrefabInternal: {fileID: 0}
  m_GameObject: {fileID: 967220106}
  m_Material: {fileID: 0}
  m_IsTrigger: 0
  m_Enabled: 1
  serializedVersion: 2
  m_Size: {x: 1, y: 1, z: 1}
  m_Center: {x: 0, y: 0, z: 0}
--- !u!23 &967220109
MeshRenderer:
  m_ObjectHideFlags: 0
  m_CorrespondingSourceObject: {fileID: 0}
  m_PrefabInternal: {fileID: 0}
  m_GameObject: {fileID: 967220106}
  m_Enabled: 1
  m_CastShadows: 1
  m_ReceiveShadows: 1
  m_DynamicOccludee: 1
  m_MotionVectors: 1
  m_LightProbeUsage: 1
  m_ReflectionProbeUsage: 1
  m_RenderingLayerMask: 4294967295
  m_Materials:
  - {fileID: 10303, guid: 0000000000000000f000000000000000, type: 0}
  m_StaticBatchInfo:
    firstSubMesh: 0
    subMeshCount: 0
  m_StaticBatchRoot: {fileID: 0}
  m_ProbeAnchor: {fileID: 0}
  m_LightProbeVolumeOverride: {fileID: 0}
  m_ScaleInLightmap: 1
  m_PreserveUVs: 0
  m_IgnoreNormalsForChartDetection: 0
  m_ImportantGI: 0
  m_StitchLightmapSeams: 0
  m_SelectedEditorRenderState: 3
  m_MinimumChartSize: 4
  m_AutoUVMaxDistance: 0.5
  m_AutoUVMaxAngle: 89
  m_LightmapParameters: {fileID: 0}
  m_SortingLayerID: 0
  m_SortingLayer: 0
  m_SortingOrder: 0
--- !u!33 &967220110
MeshFilter:
  m_ObjectHideFlags: 0
  m_CorrespondingSourceObject: {fileID: 0}
  m_PrefabInternal: {fileID: 0}
  m_GameObject: {fileID: 967220106}
  m_Mesh: {fileID: 10202, guid: 0000000000000000e000000000000000, type: 0}
--- !u!1 &1099893985
GameObject:
  m_ObjectHideFlags: 0
  m_CorrespondingSourceObject: {fileID: 0}
  m_PrefabInternal: {fileID: 0}
  serializedVersion: 6
  m_Component:
  - component: {fileID: 1099893986}
  - component: {fileID: 1099893989}
  - component: {fileID: 1099893988}
  - component: {fileID: 1099893987}
  m_Layer: 0
  m_Name: Cube (1)
  m_TagString: Untagged
  m_Icon: {fileID: 0}
  m_NavMeshLayer: 0
  m_StaticEditorFlags: 0
  m_IsActive: 1
--- !u!4 &1099893986
Transform:
  m_ObjectHideFlags: 0
  m_CorrespondingSourceObject: {fileID: 0}
  m_PrefabInternal: {fileID: 0}
  m_GameObject: {fileID: 1099893985}
  m_LocalRotation: {x: 0, y: 0, z: 0, w: 1}
  m_LocalPosition: {x: 18.2, y: 0, z: 12}
  m_LocalScale: {x: 1, y: 1, z: 1}
  m_Children: []
  m_Father: {fileID: 412609623}
  m_RootOrder: 3
  m_LocalEulerAnglesHint: {x: 0, y: 0, z: 0}
--- !u!65 &1099893987
BoxCollider:
  m_ObjectHideFlags: 0
  m_CorrespondingSourceObject: {fileID: 0}
  m_PrefabInternal: {fileID: 0}
  m_GameObject: {fileID: 1099893985}
  m_Material: {fileID: 0}
  m_IsTrigger: 0
  m_Enabled: 1
  serializedVersion: 2
  m_Size: {x: 1, y: 1, z: 1}
  m_Center: {x: 0, y: 0, z: 0}
--- !u!23 &1099893988
MeshRenderer:
  m_ObjectHideFlags: 0
  m_CorrespondingSourceObject: {fileID: 0}
  m_PrefabInternal: {fileID: 0}
  m_GameObject: {fileID: 1099893985}
  m_Enabled: 1
  m_CastShadows: 1
  m_ReceiveShadows: 1
  m_DynamicOccludee: 1
  m_MotionVectors: 1
  m_LightProbeUsage: 1
  m_ReflectionProbeUsage: 1
  m_RenderingLayerMask: 4294967295
  m_Materials:
  - {fileID: 10303, guid: 0000000000000000f000000000000000, type: 0}
  m_StaticBatchInfo:
    firstSubMesh: 0
    subMeshCount: 0
  m_StaticBatchRoot: {fileID: 0}
  m_ProbeAnchor: {fileID: 0}
  m_LightProbeVolumeOverride: {fileID: 0}
  m_ScaleInLightmap: 1
  m_PreserveUVs: 0
  m_IgnoreNormalsForChartDetection: 0
  m_ImportantGI: 0
  m_StitchLightmapSeams: 0
  m_SelectedEditorRenderState: 3
  m_MinimumChartSize: 4
  m_AutoUVMaxDistance: 0.5
  m_AutoUVMaxAngle: 89
  m_LightmapParameters: {fileID: 0}
  m_SortingLayerID: 0
  m_SortingLayer: 0
  m_SortingOrder: 0
--- !u!33 &1099893989
MeshFilter:
  m_ObjectHideFlags: 0
  m_CorrespondingSourceObject: {fileID: 0}
  m_PrefabInternal: {fileID: 0}
  m_GameObject: {fileID: 1099893985}
  m_Mesh: {fileID: 10202, guid: 0000000000000000e000000000000000, type: 0}
--- !u!1 &1104536745
GameObject:
  m_ObjectHideFlags: 0
  m_CorrespondingSourceObject: {fileID: 1696397778898020, guid: 1aa19db9a3cd85e488ad7e0fe6b533ad,
    type: 2}
  m_PrefabInternal: {fileID: 0}
  serializedVersion: 6
  m_Component:
  - component: {fileID: 1104536746}
  - component: {fileID: 1104536750}
  - component: {fileID: 1104536749}
  - component: {fileID: 1104536748}
  - component: {fileID: 1104536747}
  m_Layer: 5
  m_Name: opciones
  m_TagString: Untagged
  m_Icon: {fileID: 0}
  m_NavMeshLayer: 0
  m_StaticEditorFlags: 0
  m_IsActive: 1
--- !u!224 &1104536746
RectTransform:
  m_ObjectHideFlags: 0
  m_CorrespondingSourceObject: {fileID: 224412169251765828, guid: 1aa19db9a3cd85e488ad7e0fe6b533ad,
    type: 2}
  m_PrefabInternal: {fileID: 0}
  m_GameObject: {fileID: 1104536745}
  m_LocalRotation: {x: -0, y: -0, z: -0, w: 1}
  m_LocalPosition: {x: 0, y: 0, z: 0}
  m_LocalScale: {x: 1, y: 1, z: 1}
  m_Children: []
  m_Father: {fileID: 946774518}
  m_RootOrder: 2
  m_LocalEulerAnglesHint: {x: 0, y: 0, z: 0}
  m_AnchorMin: {x: 0.5, y: 0.5}
  m_AnchorMax: {x: 0.5, y: 0.5}
  m_AnchoredPosition: {x: 26.599976, y: -47.600006}
  m_SizeDelta: {x: 50, y: 50}
  m_Pivot: {x: 0.5, y: 0.5}
--- !u!95 &1104536747
Animator:
  serializedVersion: 3
  m_ObjectHideFlags: 0
  m_CorrespondingSourceObject: {fileID: 95927946969478144, guid: 1aa19db9a3cd85e488ad7e0fe6b533ad,
    type: 2}
  m_PrefabInternal: {fileID: 0}
  m_GameObject: {fileID: 1104536745}
  m_Enabled: 1
  m_Avatar: {fileID: 0}
  m_Controller: {fileID: 9100000, guid: 973ae224de99daf47befadaff175a8c4, type: 2}
  m_CullingMode: 0
  m_UpdateMode: 0
  m_ApplyRootMotion: 0
  m_LinearVelocityBlending: 0
  m_WarningMessage: 
  m_HasTransformHierarchy: 1
  m_AllowConstantClipSamplingOptimization: 1
  m_KeepAnimatorControllerStateOnDisable: 0
--- !u!114 &1104536748
MonoBehaviour:
  m_ObjectHideFlags: 0
  m_CorrespondingSourceObject: {fileID: 114245673386355474, guid: 1aa19db9a3cd85e488ad7e0fe6b533ad,
    type: 2}
  m_PrefabInternal: {fileID: 0}
  m_GameObject: {fileID: 1104536745}
  m_Enabled: 1
  m_EditorHideFlags: 0
  m_Script: {fileID: 1392445389, guid: f70555f144d8491a825f0804e09c671c, type: 3}
  m_Name: 
  m_EditorClassIdentifier: 
  m_Navigation:
    m_Mode: 3
    m_SelectOnUp: {fileID: 0}
    m_SelectOnDown: {fileID: 0}
    m_SelectOnLeft: {fileID: 0}
    m_SelectOnRight: {fileID: 0}
  m_Transition: 1
  m_Colors:
    m_NormalColor: {r: 1, g: 1, b: 1, a: 1}
    m_HighlightedColor: {r: 0.9607843, g: 0.9607843, b: 0.9607843, a: 1}
    m_PressedColor: {r: 0.78431374, g: 0.78431374, b: 0.78431374, a: 1}
    m_DisabledColor: {r: 0.78431374, g: 0.78431374, b: 0.78431374, a: 0.5019608}
    m_ColorMultiplier: 1
    m_FadeDuration: 0.1
  m_SpriteState:
    m_HighlightedSprite: {fileID: 0}
    m_PressedSprite: {fileID: 0}
    m_DisabledSprite: {fileID: 0}
  m_AnimationTriggers:
    m_NormalTrigger: Normal
    m_HighlightedTrigger: Highlighted
    m_PressedTrigger: Pressed
    m_DisabledTrigger: Disabled
  m_Interactable: 1
  m_TargetGraphic: {fileID: 1104536749}
  m_OnClick:
    m_PersistentCalls:
      m_Calls: []
    m_TypeName: UnityEngine.UI.Button+ButtonClickedEvent, UnityEngine.UI, Version=1.0.0.0,
      Culture=neutral, PublicKeyToken=null
--- !u!114 &1104536749
MonoBehaviour:
  m_ObjectHideFlags: 0
  m_CorrespondingSourceObject: {fileID: 114241756982641382, guid: 1aa19db9a3cd85e488ad7e0fe6b533ad,
    type: 2}
  m_PrefabInternal: {fileID: 0}
  m_GameObject: {fileID: 1104536745}
  m_Enabled: 1
  m_EditorHideFlags: 0
  m_Script: {fileID: -765806418, guid: f70555f144d8491a825f0804e09c671c, type: 3}
  m_Name: 
  m_EditorClassIdentifier: 
  m_Material: {fileID: 0}
  m_Color: {r: 1, g: 1, b: 1, a: 1}
  m_RaycastTarget: 1
  m_OnCullStateChanged:
    m_PersistentCalls:
      m_Calls: []
    m_TypeName: UnityEngine.UI.MaskableGraphic+CullStateChangedEvent, UnityEngine.UI,
      Version=1.0.0.0, Culture=neutral, PublicKeyToken=null
  m_Sprite: {fileID: 21300000, guid: 3e41706ec0f3467498219f54f2595f08, type: 3}
  m_Type: 0
  m_PreserveAspect: 0
  m_FillCenter: 1
  m_FillMethod: 4
  m_FillAmount: 1
  m_FillClockwise: 1
  m_FillOrigin: 0
--- !u!222 &1104536750
CanvasRenderer:
  m_ObjectHideFlags: 0
  m_CorrespondingSourceObject: {fileID: 222522427560739954, guid: 1aa19db9a3cd85e488ad7e0fe6b533ad,
    type: 2}
  m_PrefabInternal: {fileID: 0}
  m_GameObject: {fileID: 1104536745}
  m_CullTransparentMesh: 0
--- !u!1 &1122333314
GameObject:
  m_ObjectHideFlags: 0
  m_CorrespondingSourceObject: {fileID: 1055973568272452, guid: 1aa19db9a3cd85e488ad7e0fe6b533ad,
    type: 2}
  m_PrefabInternal: {fileID: 0}
  serializedVersion: 6
  m_Component:
  - component: {fileID: 1122333315}
  - component: {fileID: 1122333320}
  - component: {fileID: 1122333319}
  - component: {fileID: 1122333318}
  - component: {fileID: 1122333317}
  - component: {fileID: 1122333316}
  m_Layer: 5
  m_Name: play
  m_TagString: Untagged
  m_Icon: {fileID: 0}
  m_NavMeshLayer: 0
  m_StaticEditorFlags: 0
  m_IsActive: 1
--- !u!224 &1122333315
RectTransform:
  m_ObjectHideFlags: 0
  m_CorrespondingSourceObject: {fileID: 224768866662601372, guid: 1aa19db9a3cd85e488ad7e0fe6b533ad,
    type: 2}
  m_PrefabInternal: {fileID: 0}
  m_GameObject: {fileID: 1122333314}
  m_LocalRotation: {x: 0, y: 0, z: 0, w: 1}
  m_LocalPosition: {x: 0, y: 0, z: 0}
  m_LocalScale: {x: 1.0741, y: 1.0741, z: 1.0741}
  m_Children: []
  m_Father: {fileID: 946774518}
  m_RootOrder: 1
  m_LocalEulerAnglesHint: {x: 0, y: 0, z: 0}
  m_AnchorMin: {x: 0.5, y: 0.5}
  m_AnchorMax: {x: 0.5, y: 0.5}
  m_AnchoredPosition: {x: 0, y: -97.3}
  m_SizeDelta: {x: 50, y: 50}
  m_Pivot: {x: 0.5, y: 0.5}
--- !u!111 &1122333316
Animation:
  m_ObjectHideFlags: 0
  m_CorrespondingSourceObject: {fileID: 111320806011492510, guid: 1aa19db9a3cd85e488ad7e0fe6b533ad,
    type: 2}
  m_PrefabInternal: {fileID: 0}
  m_GameObject: {fileID: 1122333314}
  m_Enabled: 1
  serializedVersion: 3
  m_Animation: {fileID: 0}
  m_Animations: []
  m_WrapMode: 0
  m_PlayAutomatically: 1
  m_AnimatePhysics: 0
  m_CullingType: 0
--- !u!95 &1122333317
Animator:
  serializedVersion: 3
  m_ObjectHideFlags: 0
  m_CorrespondingSourceObject: {fileID: 95707664736249304, guid: 1aa19db9a3cd85e488ad7e0fe6b533ad,
    type: 2}
  m_PrefabInternal: {fileID: 0}
  m_GameObject: {fileID: 1122333314}
  m_Enabled: 1
  m_Avatar: {fileID: 0}
  m_Controller: {fileID: 9100000, guid: 973ae224de99daf47befadaff175a8c4, type: 2}
  m_CullingMode: 0
  m_UpdateMode: 0
  m_ApplyRootMotion: 0
  m_LinearVelocityBlending: 0
  m_WarningMessage: 
  m_HasTransformHierarchy: 1
  m_AllowConstantClipSamplingOptimization: 1
  m_KeepAnimatorControllerStateOnDisable: 0
--- !u!114 &1122333318
MonoBehaviour:
  m_ObjectHideFlags: 0
  m_CorrespondingSourceObject: {fileID: 114141556822667434, guid: 1aa19db9a3cd85e488ad7e0fe6b533ad,
    type: 2}
  m_PrefabInternal: {fileID: 0}
  m_GameObject: {fileID: 1122333314}
  m_Enabled: 1
  m_EditorHideFlags: 0
  m_Script: {fileID: 1392445389, guid: f70555f144d8491a825f0804e09c671c, type: 3}
  m_Name: 
  m_EditorClassIdentifier: 
  m_Navigation:
    m_Mode: 3
    m_SelectOnUp: {fileID: 0}
    m_SelectOnDown: {fileID: 0}
    m_SelectOnLeft: {fileID: 0}
    m_SelectOnRight: {fileID: 0}
  m_Transition: 1
  m_Colors:
    m_NormalColor: {r: 1, g: 1, b: 1, a: 1}
    m_HighlightedColor: {r: 0.9607843, g: 0.9607843, b: 0.9607843, a: 1}
    m_PressedColor: {r: 0.78431374, g: 0.78431374, b: 0.78431374, a: 1}
    m_DisabledColor: {r: 0.78431374, g: 0.78431374, b: 0.78431374, a: 0.5019608}
    m_ColorMultiplier: 1
    m_FadeDuration: 0.1
  m_SpriteState:
    m_HighlightedSprite: {fileID: 0}
    m_PressedSprite: {fileID: 0}
    m_DisabledSprite: {fileID: 0}
  m_AnimationTriggers:
    m_NormalTrigger: Normal
    m_HighlightedTrigger: Highlighted
    m_PressedTrigger: Pressed
    m_DisabledTrigger: Disabled
  m_Interactable: 1
  m_TargetGraphic: {fileID: 1122333319}
  m_OnClick:
    m_PersistentCalls:
      m_Calls: []
    m_TypeName: UnityEngine.UI.Button+ButtonClickedEvent, UnityEngine.UI, Version=1.0.0.0,
      Culture=neutral, PublicKeyToken=null
--- !u!114 &1122333319
MonoBehaviour:
  m_ObjectHideFlags: 0
  m_CorrespondingSourceObject: {fileID: 114160447782462584, guid: 1aa19db9a3cd85e488ad7e0fe6b533ad,
    type: 2}
  m_PrefabInternal: {fileID: 0}
  m_GameObject: {fileID: 1122333314}
  m_Enabled: 1
  m_EditorHideFlags: 0
  m_Script: {fileID: -765806418, guid: f70555f144d8491a825f0804e09c671c, type: 3}
  m_Name: 
  m_EditorClassIdentifier: 
  m_Material: {fileID: 0}
  m_Color: {r: 1, g: 1, b: 1, a: 1}
  m_RaycastTarget: 1
  m_OnCullStateChanged:
    m_PersistentCalls:
      m_Calls: []
    m_TypeName: UnityEngine.UI.MaskableGraphic+CullStateChangedEvent, UnityEngine.UI,
      Version=1.0.0.0, Culture=neutral, PublicKeyToken=null
  m_Sprite: {fileID: 21300000, guid: 2ab147581f4bb0c4597be5174603aea6, type: 3}
  m_Type: 0
  m_PreserveAspect: 0
  m_FillCenter: 1
  m_FillMethod: 4
  m_FillAmount: 1
  m_FillClockwise: 1
  m_FillOrigin: 0
--- !u!222 &1122333320
CanvasRenderer:
  m_ObjectHideFlags: 0
  m_CorrespondingSourceObject: {fileID: 222054707986565256, guid: 1aa19db9a3cd85e488ad7e0fe6b533ad,
    type: 2}
  m_PrefabInternal: {fileID: 0}
  m_GameObject: {fileID: 1122333314}
  m_CullTransparentMesh: 0
--- !u!1001 &1126529443
Prefab:
  m_ObjectHideFlags: 0
  serializedVersion: 2
  m_Modification:
    m_TransformParent: {fileID: 574031786}
    m_Modifications:
    - target: {fileID: 4302219911951206, guid: 3083edbe3cab62c40b84e206f03bc720, type: 2}
      propertyPath: m_LocalPosition.x
      value: 5.1403627
      objectReference: {fileID: 0}
    - target: {fileID: 4302219911951206, guid: 3083edbe3cab62c40b84e206f03bc720, type: 2}
      propertyPath: m_LocalPosition.y
      value: 5.92336
      objectReference: {fileID: 0}
    - target: {fileID: 4302219911951206, guid: 3083edbe3cab62c40b84e206f03bc720, type: 2}
      propertyPath: m_LocalPosition.z
      value: -4.091235
      objectReference: {fileID: 0}
    - target: {fileID: 4302219911951206, guid: 3083edbe3cab62c40b84e206f03bc720, type: 2}
      propertyPath: m_LocalRotation.x
      value: -0
      objectReference: {fileID: 0}
    - target: {fileID: 4302219911951206, guid: 3083edbe3cab62c40b84e206f03bc720, type: 2}
      propertyPath: m_LocalRotation.y
      value: -0
      objectReference: {fileID: 0}
    - target: {fileID: 4302219911951206, guid: 3083edbe3cab62c40b84e206f03bc720, type: 2}
      propertyPath: m_LocalRotation.z
      value: -0
      objectReference: {fileID: 0}
    - target: {fileID: 4302219911951206, guid: 3083edbe3cab62c40b84e206f03bc720, type: 2}
      propertyPath: m_LocalRotation.w
      value: 1
      objectReference: {fileID: 0}
    - target: {fileID: 4302219911951206, guid: 3083edbe3cab62c40b84e206f03bc720, type: 2}
      propertyPath: m_RootOrder
      value: 4
      objectReference: {fileID: 0}
    - target: {fileID: 4147497446089464, guid: 3083edbe3cab62c40b84e206f03bc720, type: 2}
      propertyPath: m_LocalPosition.x
      value: -19.95
      objectReference: {fileID: 0}
    - target: {fileID: 4147497446089464, guid: 3083edbe3cab62c40b84e206f03bc720, type: 2}
      propertyPath: m_LocalPosition.z
      value: 9.62
      objectReference: {fileID: 0}
    - target: {fileID: 4674548925022374, guid: 3083edbe3cab62c40b84e206f03bc720, type: 2}
      propertyPath: m_LocalPosition.x
      value: -34.73
      objectReference: {fileID: 0}
    - target: {fileID: 4674548925022374, guid: 3083edbe3cab62c40b84e206f03bc720, type: 2}
      propertyPath: m_LocalPosition.z
      value: 8.98
      objectReference: {fileID: 0}
    - target: {fileID: 4066991543280736, guid: 3083edbe3cab62c40b84e206f03bc720, type: 2}
      propertyPath: m_LocalPosition.x
      value: -19.8
      objectReference: {fileID: 0}
    - target: {fileID: 4066991543280736, guid: 3083edbe3cab62c40b84e206f03bc720, type: 2}
      propertyPath: m_LocalPosition.z
      value: 9.75
      objectReference: {fileID: 0}
    - target: {fileID: 4066991543280736, guid: 3083edbe3cab62c40b84e206f03bc720, type: 2}
      propertyPath: m_LocalPosition.y
      value: -2.13
      objectReference: {fileID: 0}
    - target: {fileID: 4147497446089464, guid: 3083edbe3cab62c40b84e206f03bc720, type: 2}
      propertyPath: m_LocalPosition.y
      value: -2.09
      objectReference: {fileID: 0}
    - target: {fileID: 4674548925022374, guid: 3083edbe3cab62c40b84e206f03bc720, type: 2}
      propertyPath: m_LocalPosition.y
      value: -2.09
      objectReference: {fileID: 0}
    m_RemovedComponents: []
  m_SourcePrefab: {fileID: 100100000, guid: 3083edbe3cab62c40b84e206f03bc720, type: 2}
  m_IsPrefabAsset: 0
--- !u!1 &1153377392
GameObject:
  m_ObjectHideFlags: 0
  m_CorrespondingSourceObject: {fileID: 0}
  m_PrefabInternal: {fileID: 0}
  serializedVersion: 6
  m_Component:
  - component: {fileID: 1153377393}
  m_Layer: 0
  m_Name: PuntoB
  m_TagString: Untagged
  m_Icon: {fileID: 0}
  m_NavMeshLayer: 0
  m_StaticEditorFlags: 0
  m_IsActive: 1
--- !u!4 &1153377393
Transform:
  m_ObjectHideFlags: 0
  m_CorrespondingSourceObject: {fileID: 0}
  m_PrefabInternal: {fileID: 0}
  m_GameObject: {fileID: 1153377392}
  m_LocalRotation: {x: -0, y: -0, z: -0, w: 1}
  m_LocalPosition: {x: 50, y: 0, z: 0}
  m_LocalScale: {x: 1, y: 1, z: 1}
  m_Children: []
  m_Father: {fileID: 0}
  m_RootOrder: 6
  m_LocalEulerAnglesHint: {x: 0, y: 0, z: 0}
--- !u!4 &1158268790 stripped
Transform:
  m_CorrespondingSourceObject: {fileID: 4179379436663632, guid: 3dea8339acc608b4a874cf4bf2bbfaf9,
    type: 2}
  m_PrefabInternal: {fileID: 1626710048}
--- !u!4 &1228895683 stripped
Transform:
  m_CorrespondingSourceObject: {fileID: 4307922284281462, guid: 620406384b121ca48a606c0e2d89b5db,
    type: 2}
  m_PrefabInternal: {fileID: 654485859}
--- !u!1 &1251131048
GameObject:
  m_ObjectHideFlags: 0
  m_CorrespondingSourceObject: {fileID: 0}
  m_PrefabInternal: {fileID: 0}
  serializedVersion: 6
  m_Component:
  - component: {fileID: 1251131049}
  m_Layer: 0
  m_Name: arreglo
  m_TagString: spacecont
  m_Icon: {fileID: 0}
  m_NavMeshLayer: 0
  m_StaticEditorFlags: 0
  m_IsActive: 1
--- !u!4 &1251131049
Transform:
  m_ObjectHideFlags: 0
  m_CorrespondingSourceObject: {fileID: 0}
  m_PrefabInternal: {fileID: 0}
  m_GameObject: {fileID: 1251131048}
  m_LocalRotation: {x: -0, y: -0, z: -0, w: 1}
  m_LocalPosition: {x: -4.3482904, y: -0.34605238, z: 2.5253701}
  m_LocalScale: {x: 1, y: 1, z: 1}
  m_Children: []
  m_Father: {fileID: 574031786}
  m_RootOrder: 7
  m_LocalEulerAnglesHint: {x: 0, y: 0, z: 0}
--- !u!1001 &1334817493
Prefab:
  m_ObjectHideFlags: 0
  serializedVersion: 2
  m_Modification:
    m_TransformParent: {fileID: 574031786}
    m_Modifications:
    - target: {fileID: 400000, guid: c4701a74bd52a684081ce766c456ca15, type: 3}
      propertyPath: m_LocalPosition.x
      value: -10.36
      objectReference: {fileID: 0}
    - target: {fileID: 400000, guid: c4701a74bd52a684081ce766c456ca15, type: 3}
      propertyPath: m_LocalPosition.y
      value: 2.69
      objectReference: {fileID: 0}
    - target: {fileID: 400000, guid: c4701a74bd52a684081ce766c456ca15, type: 3}
      propertyPath: m_LocalPosition.z
      value: 5.67
      objectReference: {fileID: 0}
    - target: {fileID: 400000, guid: c4701a74bd52a684081ce766c456ca15, type: 3}
      propertyPath: m_LocalRotation.x
      value: -0.5013223
      objectReference: {fileID: 0}
    - target: {fileID: 400000, guid: c4701a74bd52a684081ce766c456ca15, type: 3}
      propertyPath: m_LocalRotation.y
      value: 0.4986743
      objectReference: {fileID: 0}
    - target: {fileID: 400000, guid: c4701a74bd52a684081ce766c456ca15, type: 3}
      propertyPath: m_LocalRotation.z
      value: 0.49867415
      objectReference: {fileID: 0}
    - target: {fileID: 400000, guid: c4701a74bd52a684081ce766c456ca15, type: 3}
      propertyPath: m_LocalRotation.w
      value: 0.5013223
      objectReference: {fileID: 0}
    - target: {fileID: 400000, guid: c4701a74bd52a684081ce766c456ca15, type: 3}
      propertyPath: m_RootOrder
      value: 1
      objectReference: {fileID: 0}
    - target: {fileID: 400000, guid: c4701a74bd52a684081ce766c456ca15, type: 3}
      propertyPath: m_LocalScale.y
      value: 1
      objectReference: {fileID: 0}
    - target: {fileID: 400000, guid: c4701a74bd52a684081ce766c456ca15, type: 3}
      propertyPath: m_LocalScale.z
      value: 1
      objectReference: {fileID: 0}
    - target: {fileID: 100000, guid: c4701a74bd52a684081ce766c456ca15, type: 3}
      propertyPath: m_TagString
      value: escenario
      objectReference: {fileID: 0}
    - target: {fileID: 400000, guid: c4701a74bd52a684081ce766c456ca15, type: 3}
      propertyPath: m_LocalEulerAnglesHint.x
      value: -90.00001
      objectReference: {fileID: 0}
    - target: {fileID: 400000, guid: c4701a74bd52a684081ce766c456ca15, type: 3}
      propertyPath: m_LocalEulerAnglesHint.z
      value: 89.69701
      objectReference: {fileID: 0}
    m_RemovedComponents: []
  m_SourcePrefab: {fileID: 100100000, guid: c4701a74bd52a684081ce766c456ca15, type: 3}
  m_IsPrefabAsset: 0
--- !u!4 &1334817494 stripped
Transform:
  m_CorrespondingSourceObject: {fileID: 400000, guid: c4701a74bd52a684081ce766c456ca15,
    type: 3}
  m_PrefabInternal: {fileID: 1334817493}
--- !u!1 &1334817495 stripped
GameObject:
  m_CorrespondingSourceObject: {fileID: 100000, guid: c4701a74bd52a684081ce766c456ca15,
    type: 3}
  m_PrefabInternal: {fileID: 1334817493}
--- !u!64 &1334817496
MeshCollider:
  m_ObjectHideFlags: 0
  m_CorrespondingSourceObject: {fileID: 0}
  m_PrefabInternal: {fileID: 0}
  m_GameObject: {fileID: 1334817495}
  m_Material: {fileID: 0}
  m_IsTrigger: 0
  m_Enabled: 1
  serializedVersion: 3
  m_Convex: 0
  m_CookingOptions: 14
  m_SkinWidth: 0.01
  m_Mesh: {fileID: 4300000, guid: c4701a74bd52a684081ce766c456ca15, type: 3}
--- !u!54 &1334817497
Rigidbody:
  m_ObjectHideFlags: 0
  m_CorrespondingSourceObject: {fileID: 0}
  m_PrefabInternal: {fileID: 0}
  m_GameObject: {fileID: 1334817495}
  serializedVersion: 2
  m_Mass: 1
  m_Drag: 0
  m_AngularDrag: 0.05
  m_UseGravity: 0
  m_IsKinematic: 1
  m_Interpolate: 0
  m_Constraints: 0
  m_CollisionDetection: 0
--- !u!1 &1335852130
GameObject:
  m_ObjectHideFlags: 0
  m_CorrespondingSourceObject: {fileID: 0}
  m_PrefabInternal: {fileID: 0}
  serializedVersion: 6
  m_Component:
  - component: {fileID: 1335852131}
  m_Layer: 0
  m_Name: PuntoA
  m_TagString: Untagged
  m_Icon: {fileID: 0}
  m_NavMeshLayer: 0
  m_StaticEditorFlags: 0
  m_IsActive: 1
--- !u!4 &1335852131
Transform:
  m_ObjectHideFlags: 0
  m_CorrespondingSourceObject: {fileID: 0}
  m_PrefabInternal: {fileID: 0}
  m_GameObject: {fileID: 1335852130}
  m_LocalRotation: {x: -0, y: -0, z: -0, w: 1}
  m_LocalPosition: {x: 0, y: 0, z: 50}
  m_LocalScale: {x: 1, y: 1, z: 1}
  m_Children: []
  m_Father: {fileID: 0}
  m_RootOrder: 4
  m_LocalEulerAnglesHint: {x: 0, y: 0, z: 0}
--- !u!1 &1440402748
GameObject:
  m_ObjectHideFlags: 0
  m_CorrespondingSourceObject: {fileID: 1201684881599132, guid: 1aa19db9a3cd85e488ad7e0fe6b533ad,
    type: 2}
  m_PrefabInternal: {fileID: 0}
  serializedVersion: 6
  m_Component:
  - component: {fileID: 1440402749}
  - component: {fileID: 1440402753}
  - component: {fileID: 1440402752}
  - component: {fileID: 1440402751}
  - component: {fileID: 1440402750}
  m_Layer: 5
  m_Name: restart
  m_TagString: Untagged
  m_Icon: {fileID: 0}
  m_NavMeshLayer: 0
  m_StaticEditorFlags: 0
  m_IsActive: 1
--- !u!224 &1440402749
RectTransform:
  m_ObjectHideFlags: 0
  m_CorrespondingSourceObject: {fileID: 224284491178161910, guid: 1aa19db9a3cd85e488ad7e0fe6b533ad,
    type: 2}
  m_PrefabInternal: {fileID: 0}
  m_GameObject: {fileID: 1440402748}
  m_LocalRotation: {x: -0, y: -0, z: -0, w: 1}
  m_LocalPosition: {x: 0, y: 0, z: 0}
  m_LocalScale: {x: 1, y: 1, z: 1}
  m_Children: []
  m_Father: {fileID: 946774518}
  m_RootOrder: 5
  m_LocalEulerAnglesHint: {x: 0, y: 0, z: 0}
  m_AnchorMin: {x: 0.5, y: 0.5}
  m_AnchorMax: {x: 0.5, y: 0.5}
  m_AnchoredPosition: {x: 76.600006, y: -47.600006}
  m_SizeDelta: {x: 50, y: 50}
  m_Pivot: {x: 0.5, y: 0.5}
--- !u!95 &1440402750
Animator:
  serializedVersion: 3
  m_ObjectHideFlags: 0
  m_CorrespondingSourceObject: {fileID: 95458385034480650, guid: 1aa19db9a3cd85e488ad7e0fe6b533ad,
    type: 2}
  m_PrefabInternal: {fileID: 0}
  m_GameObject: {fileID: 1440402748}
  m_Enabled: 1
  m_Avatar: {fileID: 0}
  m_Controller: {fileID: 9100000, guid: 973ae224de99daf47befadaff175a8c4, type: 2}
  m_CullingMode: 0
  m_UpdateMode: 0
  m_ApplyRootMotion: 0
  m_LinearVelocityBlending: 0
  m_WarningMessage: 
  m_HasTransformHierarchy: 1
  m_AllowConstantClipSamplingOptimization: 1
  m_KeepAnimatorControllerStateOnDisable: 0
--- !u!114 &1440402751
MonoBehaviour:
  m_ObjectHideFlags: 0
  m_CorrespondingSourceObject: {fileID: 114888567562480814, guid: 1aa19db9a3cd85e488ad7e0fe6b533ad,
    type: 2}
  m_PrefabInternal: {fileID: 0}
  m_GameObject: {fileID: 1440402748}
  m_Enabled: 1
  m_EditorHideFlags: 0
  m_Script: {fileID: 1392445389, guid: f70555f144d8491a825f0804e09c671c, type: 3}
  m_Name: 
  m_EditorClassIdentifier: 
  m_Navigation:
    m_Mode: 3
    m_SelectOnUp: {fileID: 0}
    m_SelectOnDown: {fileID: 0}
    m_SelectOnLeft: {fileID: 0}
    m_SelectOnRight: {fileID: 0}
  m_Transition: 1
  m_Colors:
    m_NormalColor: {r: 1, g: 1, b: 1, a: 1}
    m_HighlightedColor: {r: 0.9607843, g: 0.9607843, b: 0.9607843, a: 1}
    m_PressedColor: {r: 0.78431374, g: 0.78431374, b: 0.78431374, a: 1}
    m_DisabledColor: {r: 0.78431374, g: 0.78431374, b: 0.78431374, a: 0.5019608}
    m_ColorMultiplier: 1
    m_FadeDuration: 0.1
  m_SpriteState:
    m_HighlightedSprite: {fileID: 0}
    m_PressedSprite: {fileID: 0}
    m_DisabledSprite: {fileID: 0}
  m_AnimationTriggers:
    m_NormalTrigger: Normal
    m_HighlightedTrigger: Highlighted
    m_PressedTrigger: Pressed
    m_DisabledTrigger: Disabled
  m_Interactable: 1
  m_TargetGraphic: {fileID: 1440402752}
  m_OnClick:
    m_PersistentCalls:
      m_Calls: []
    m_TypeName: UnityEngine.UI.Button+ButtonClickedEvent, UnityEngine.UI, Version=1.0.0.0,
      Culture=neutral, PublicKeyToken=null
--- !u!114 &1440402752
MonoBehaviour:
  m_ObjectHideFlags: 0
  m_CorrespondingSourceObject: {fileID: 114493990431131066, guid: 1aa19db9a3cd85e488ad7e0fe6b533ad,
    type: 2}
  m_PrefabInternal: {fileID: 0}
  m_GameObject: {fileID: 1440402748}
  m_Enabled: 1
  m_EditorHideFlags: 0
  m_Script: {fileID: -765806418, guid: f70555f144d8491a825f0804e09c671c, type: 3}
  m_Name: 
  m_EditorClassIdentifier: 
  m_Material: {fileID: 0}
  m_Color: {r: 1, g: 1, b: 1, a: 1}
  m_RaycastTarget: 1
  m_OnCullStateChanged:
    m_PersistentCalls:
      m_Calls: []
    m_TypeName: UnityEngine.UI.MaskableGraphic+CullStateChangedEvent, UnityEngine.UI,
      Version=1.0.0.0, Culture=neutral, PublicKeyToken=null
  m_Sprite: {fileID: 21300000, guid: 951611fb80ae1d84788d64deca80060a, type: 3}
  m_Type: 0
  m_PreserveAspect: 0
  m_FillCenter: 1
  m_FillMethod: 4
  m_FillAmount: 1
  m_FillClockwise: 1
  m_FillOrigin: 0
--- !u!222 &1440402753
CanvasRenderer:
  m_ObjectHideFlags: 0
  m_CorrespondingSourceObject: {fileID: 222380166178834132, guid: 1aa19db9a3cd85e488ad7e0fe6b533ad,
    type: 2}
  m_PrefabInternal: {fileID: 0}
  m_GameObject: {fileID: 1440402748}
  m_CullTransparentMesh: 0
--- !u!1 &1449244112
GameObject:
  m_ObjectHideFlags: 0
  m_CorrespondingSourceObject: {fileID: 1906088502330952, guid: 1aa19db9a3cd85e488ad7e0fe6b533ad,
    type: 2}
  m_PrefabInternal: {fileID: 0}
  serializedVersion: 6
  m_Component:
  - component: {fileID: 1449244113}
  - component: {fileID: 1449244115}
  - component: {fileID: 1449244114}
  m_Layer: 5
  m_Name: boton pausa
  m_TagString: Untagged
  m_Icon: {fileID: 0}
  m_NavMeshLayer: 0
  m_StaticEditorFlags: 0
  m_IsActive: 1
--- !u!224 &1449244113
RectTransform:
  m_ObjectHideFlags: 0
  m_CorrespondingSourceObject: {fileID: 224694713530404294, guid: 1aa19db9a3cd85e488ad7e0fe6b533ad,
    type: 2}
  m_PrefabInternal: {fileID: 0}
  m_GameObject: {fileID: 1449244112}
  m_LocalRotation: {x: 0, y: 0, z: 0, w: 1}
  m_LocalPosition: {x: 0, y: 0, z: 0}
  m_LocalScale: {x: 1, y: 1, z: 1}
  m_Children: []
  m_Father: {fileID: 946774518}
  m_RootOrder: 6
  m_LocalEulerAnglesHint: {x: 0, y: 0, z: 0}
  m_AnchorMin: {x: 0.5, y: 0.5}
  m_AnchorMax: {x: 0.5, y: 0.5}
  m_AnchoredPosition: {x: 0, y: 27.8}
  m_SizeDelta: {x: 179.1, y: 91.3}
  m_Pivot: {x: 0.5, y: 0.5}
--- !u!114 &1449244114
MonoBehaviour:
  m_ObjectHideFlags: 0
  m_CorrespondingSourceObject: {fileID: 114730349089454046, guid: 1aa19db9a3cd85e488ad7e0fe6b533ad,
    type: 2}
  m_PrefabInternal: {fileID: 0}
  m_GameObject: {fileID: 1449244112}
  m_Enabled: 1
  m_EditorHideFlags: 0
  m_Script: {fileID: -765806418, guid: f70555f144d8491a825f0804e09c671c, type: 3}
  m_Name: 
  m_EditorClassIdentifier: 
  m_Material: {fileID: 0}
  m_Color: {r: 1, g: 1, b: 1, a: 1}
  m_RaycastTarget: 1
  m_OnCullStateChanged:
    m_PersistentCalls:
      m_Calls: []
    m_TypeName: UnityEngine.UI.MaskableGraphic+CullStateChangedEvent, UnityEngine.UI,
      Version=1.0.0.0, Culture=neutral, PublicKeyToken=null
  m_Sprite: {fileID: 21300000, guid: d12d117769ee6a5468616f19d136198b, type: 3}
  m_Type: 0
  m_PreserveAspect: 0
  m_FillCenter: 1
  m_FillMethod: 4
  m_FillAmount: 1
  m_FillClockwise: 1
  m_FillOrigin: 0
--- !u!222 &1449244115
CanvasRenderer:
  m_ObjectHideFlags: 0
  m_CorrespondingSourceObject: {fileID: 222897881302097910, guid: 1aa19db9a3cd85e488ad7e0fe6b533ad,
    type: 2}
  m_PrefabInternal: {fileID: 0}
  m_GameObject: {fileID: 1449244112}
  m_CullTransparentMesh: 0
--- !u!1001 &1626710048
Prefab:
  m_ObjectHideFlags: 0
  serializedVersion: 2
  m_Modification:
    m_TransformParent: {fileID: 574031786}
    m_Modifications:
    - target: {fileID: 4179379436663632, guid: 3dea8339acc608b4a874cf4bf2bbfaf9, type: 2}
      propertyPath: m_LocalPosition.x
      value: -0.63866043
      objectReference: {fileID: 0}
    - target: {fileID: 4179379436663632, guid: 3dea8339acc608b4a874cf4bf2bbfaf9, type: 2}
      propertyPath: m_LocalPosition.y
      value: 2.3707
      objectReference: {fileID: 0}
    - target: {fileID: 4179379436663632, guid: 3dea8339acc608b4a874cf4bf2bbfaf9, type: 2}
      propertyPath: m_LocalPosition.z
      value: 3.6089344
      objectReference: {fileID: 0}
    - target: {fileID: 4179379436663632, guid: 3dea8339acc608b4a874cf4bf2bbfaf9, type: 2}
      propertyPath: m_LocalRotation.x
      value: -0
      objectReference: {fileID: 0}
    - target: {fileID: 4179379436663632, guid: 3dea8339acc608b4a874cf4bf2bbfaf9, type: 2}
      propertyPath: m_LocalRotation.y
      value: -0
      objectReference: {fileID: 0}
    - target: {fileID: 4179379436663632, guid: 3dea8339acc608b4a874cf4bf2bbfaf9, type: 2}
      propertyPath: m_LocalRotation.z
      value: -0
      objectReference: {fileID: 0}
    - target: {fileID: 4179379436663632, guid: 3dea8339acc608b4a874cf4bf2bbfaf9, type: 2}
      propertyPath: m_LocalRotation.w
      value: 1
      objectReference: {fileID: 0}
    - target: {fileID: 4179379436663632, guid: 3dea8339acc608b4a874cf4bf2bbfaf9, type: 2}
      propertyPath: m_RootOrder
      value: 9
      objectReference: {fileID: 0}
    m_RemovedComponents: []
  m_SourcePrefab: {fileID: 100100000, guid: 3dea8339acc608b4a874cf4bf2bbfaf9, type: 2}
  m_IsPrefabAsset: 0
--- !u!1 &1677633161 stripped
GameObject:
  m_CorrespondingSourceObject: {fileID: 1861912693985306, guid: 3dea8339acc608b4a874cf4bf2bbfaf9,
    type: 2}
  m_PrefabInternal: {fileID: 2100688619}
--- !u!114 &1677633162
MonoBehaviour:
  m_ObjectHideFlags: 0
  m_CorrespondingSourceObject: {fileID: 0}
  m_PrefabInternal: {fileID: 0}
  m_GameObject: {fileID: 1677633161}
  m_Enabled: 1
  m_EditorHideFlags: 0
  m_Script: {fileID: 11500000, guid: 92768c76efbdfb8459441594c503b9fd, type: 3}
  m_Name: 
  m_EditorClassIdentifier: 
  distanciaReconocimiento: 3
  puedeCogerse: 0
--- !u!1 &1759869012
GameObject:
  m_ObjectHideFlags: 0
  m_CorrespondingSourceObject: {fileID: 0}
  m_PrefabInternal: {fileID: 0}
  serializedVersion: 6
  m_Component:
  - component: {fileID: 1759869013}
  m_Layer: 0
  m_Name: PuntoD
  m_TagString: Untagged
  m_Icon: {fileID: 0}
  m_NavMeshLayer: 0
  m_StaticEditorFlags: 0
  m_IsActive: 1
--- !u!4 &1759869013
Transform:
  m_ObjectHideFlags: 0
  m_CorrespondingSourceObject: {fileID: 0}
  m_PrefabInternal: {fileID: 0}
  m_GameObject: {fileID: 1759869012}
  m_LocalRotation: {x: 0, y: 0, z: 0, w: 1}
  m_LocalPosition: {x: -50, y: 0, z: 0}
  m_LocalScale: {x: 1, y: 1, z: 1}
  m_Children: []
  m_Father: {fileID: 0}
  m_RootOrder: 8
  m_LocalEulerAnglesHint: {x: 0, y: 0, z: 0}
--- !u!1 &1831581010
GameObject:
  m_ObjectHideFlags: 0
  m_CorrespondingSourceObject: {fileID: 0}
  m_PrefabInternal: {fileID: 0}
  serializedVersion: 6
  m_Component:
  - component: {fileID: 1831581011}
  m_Layer: 0
  m_Name: PuntoC
  m_TagString: Untagged
  m_Icon: {fileID: 0}
  m_NavMeshLayer: 0
  m_StaticEditorFlags: 0
  m_IsActive: 1
--- !u!4 &1831581011
Transform:
  m_ObjectHideFlags: 0
  m_CorrespondingSourceObject: {fileID: 0}
  m_PrefabInternal: {fileID: 0}
  m_GameObject: {fileID: 1831581010}
  m_LocalRotation: {x: 0, y: 0, z: 0, w: 1}
  m_LocalPosition: {x: 0, y: 0, z: -50}
  m_LocalScale: {x: 1, y: 1, z: 1}
  m_Children: []
  m_Father: {fileID: 0}
  m_RootOrder: 7
  m_LocalEulerAnglesHint: {x: 0, y: 0, z: 0}
--- !u!1001 &1832093539
Prefab:
  m_ObjectHideFlags: 0
  serializedVersion: 2
  m_Modification:
    m_TransformParent: {fileID: 574031786}
    m_Modifications:
    - target: {fileID: 4554960735311680, guid: afe2618ec50d288438515eebccabfe52, type: 2}
      propertyPath: m_LocalPosition.x
      value: 0.03999996
      objectReference: {fileID: 0}
    - target: {fileID: 4554960735311680, guid: afe2618ec50d288438515eebccabfe52, type: 2}
      propertyPath: m_LocalPosition.y
      value: 3.59
      objectReference: {fileID: 0}
    - target: {fileID: 4554960735311680, guid: afe2618ec50d288438515eebccabfe52, type: 2}
      propertyPath: m_LocalPosition.z
      value: 7.31
      objectReference: {fileID: 0}
    - target: {fileID: 4554960735311680, guid: afe2618ec50d288438515eebccabfe52, type: 2}
      propertyPath: m_LocalRotation.x
      value: -0
      objectReference: {fileID: 0}
    - target: {fileID: 4554960735311680, guid: afe2618ec50d288438515eebccabfe52, type: 2}
      propertyPath: m_LocalRotation.y
      value: -0
      objectReference: {fileID: 0}
    - target: {fileID: 4554960735311680, guid: afe2618ec50d288438515eebccabfe52, type: 2}
      propertyPath: m_LocalRotation.z
      value: -0
      objectReference: {fileID: 0}
    - target: {fileID: 4554960735311680, guid: afe2618ec50d288438515eebccabfe52, type: 2}
      propertyPath: m_LocalRotation.w
      value: 1
      objectReference: {fileID: 0}
    - target: {fileID: 4554960735311680, guid: afe2618ec50d288438515eebccabfe52, type: 2}
      propertyPath: m_RootOrder
      value: 5
      objectReference: {fileID: 0}
    - target: {fileID: 4125888121329380, guid: afe2618ec50d288438515eebccabfe52, type: 2}
      propertyPath: m_LocalPosition.z
      value: -13.7
      objectReference: {fileID: 0}
    - target: {fileID: 4125888121329380, guid: afe2618ec50d288438515eebccabfe52, type: 2}
      propertyPath: m_LocalPosition.y
      value: -1.35
      objectReference: {fileID: 0}
    - target: {fileID: 4610302514302852, guid: afe2618ec50d288438515eebccabfe52, type: 2}
      propertyPath: m_LocalPosition.z
      value: -12.82
      objectReference: {fileID: 0}
    - target: {fileID: 4610302514302852, guid: afe2618ec50d288438515eebccabfe52, type: 2}
      propertyPath: m_LocalPosition.y
      value: -1.43
      objectReference: {fileID: 0}
    - target: {fileID: 4431634344736344, guid: afe2618ec50d288438515eebccabfe52, type: 2}
      propertyPath: m_LocalPosition.y
      value: -1.44
      objectReference: {fileID: 0}
    - target: {fileID: 4431634344736344, guid: afe2618ec50d288438515eebccabfe52, type: 2}
      propertyPath: m_LocalPosition.z
      value: -31.98
      objectReference: {fileID: 0}
    - target: {fileID: 4976762126408964, guid: afe2618ec50d288438515eebccabfe52, type: 2}
      propertyPath: m_LocalPosition.z
      value: -4.3
      objectReference: {fileID: 0}
    - target: {fileID: 4976762126408964, guid: afe2618ec50d288438515eebccabfe52, type: 2}
      propertyPath: m_LocalPosition.x
      value: -12.47
      objectReference: {fileID: 0}
    - target: {fileID: 4061820080588036, guid: afe2618ec50d288438515eebccabfe52, type: 2}
      propertyPath: m_LocalPosition.z
      value: -6.32
      objectReference: {fileID: 0}
    - target: {fileID: 4061820080588036, guid: afe2618ec50d288438515eebccabfe52, type: 2}
      propertyPath: m_LocalPosition.x
      value: -12.47
      objectReference: {fileID: 0}
    - target: {fileID: 4008569257157342, guid: afe2618ec50d288438515eebccabfe52, type: 2}
      propertyPath: m_LocalPosition.x
      value: -12.47
      objectReference: {fileID: 0}
    - target: {fileID: 4008569257157342, guid: afe2618ec50d288438515eebccabfe52, type: 2}
      propertyPath: m_LocalPosition.z
      value: -8.67
      objectReference: {fileID: 0}
    m_RemovedComponents: []
  m_SourcePrefab: {fileID: 100100000, guid: afe2618ec50d288438515eebccabfe52, type: 2}
  m_IsPrefabAsset: 0
--- !u!4 &1839925417 stripped
Transform:
  m_CorrespondingSourceObject: {fileID: 4727856960119806, guid: 7f792822c1e925341b27a8078ef142df,
    type: 2}
  m_PrefabInternal: {fileID: 178480185}
--- !u!1 &1845858605
GameObject:
  m_ObjectHideFlags: 0
  m_CorrespondingSourceObject: {fileID: 1773275442929532, guid: 1aa19db9a3cd85e488ad7e0fe6b533ad,
    type: 2}
  m_PrefabInternal: {fileID: 0}
  serializedVersion: 6
  m_Component:
  - component: {fileID: 1845858606}
  - component: {fileID: 1845858608}
  - component: {fileID: 1845858607}
  m_Layer: 5
  m_Name: base_menu
  m_TagString: Untagged
  m_Icon: {fileID: 0}
  m_NavMeshLayer: 0
  m_StaticEditorFlags: 0
  m_IsActive: 1
--- !u!224 &1845858606
RectTransform:
  m_ObjectHideFlags: 0
  m_CorrespondingSourceObject: {fileID: 224476071090552212, guid: 1aa19db9a3cd85e488ad7e0fe6b533ad,
    type: 2}
  m_PrefabInternal: {fileID: 0}
  m_GameObject: {fileID: 1845858605}
  m_LocalRotation: {x: 0, y: 0, z: 0, w: 1}
  m_LocalPosition: {x: 0, y: 0, z: 0}
  m_LocalScale: {x: 2.9884, y: 2.438893, z: 2.9884}
  m_Children: []
  m_Father: {fileID: 946774518}
  m_RootOrder: 0
  m_LocalEulerAnglesHint: {x: 0, y: 0, z: 0}
  m_AnchorMin: {x: 0.5, y: 0.5}
  m_AnchorMax: {x: 0.5, y: 0.5}
  m_AnchoredPosition: {x: 0, y: -9}
  m_SizeDelta: {x: 100, y: 72.3}
  m_Pivot: {x: 0.5, y: 0.5}
--- !u!114 &1845858607
MonoBehaviour:
  m_ObjectHideFlags: 0
  m_CorrespondingSourceObject: {fileID: 114105491789443954, guid: 1aa19db9a3cd85e488ad7e0fe6b533ad,
    type: 2}
  m_PrefabInternal: {fileID: 0}
  m_GameObject: {fileID: 1845858605}
  m_Enabled: 1
  m_EditorHideFlags: 0
  m_Script: {fileID: -765806418, guid: f70555f144d8491a825f0804e09c671c, type: 3}
  m_Name: 
  m_EditorClassIdentifier: 
  m_Material: {fileID: 0}
  m_Color: {r: 1, g: 1, b: 1, a: 1}
  m_RaycastTarget: 1
  m_OnCullStateChanged:
    m_PersistentCalls:
      m_Calls: []
    m_TypeName: UnityEngine.UI.MaskableGraphic+CullStateChangedEvent, UnityEngine.UI,
      Version=1.0.0.0, Culture=neutral, PublicKeyToken=null
  m_Sprite: {fileID: 21300000, guid: 26b20f72d7037ca4eaca67506b62b316, type: 3}
  m_Type: 0
  m_PreserveAspect: 0
  m_FillCenter: 1
  m_FillMethod: 4
  m_FillAmount: 1
  m_FillClockwise: 1
  m_FillOrigin: 0
--- !u!222 &1845858608
CanvasRenderer:
  m_ObjectHideFlags: 0
  m_CorrespondingSourceObject: {fileID: 222858074292102542, guid: 1aa19db9a3cd85e488ad7e0fe6b533ad,
    type: 2}
  m_PrefabInternal: {fileID: 0}
  m_GameObject: {fileID: 1845858605}
  m_CullTransparentMesh: 0
--- !u!1001 &1915895013
Prefab:
  m_ObjectHideFlags: 0
  serializedVersion: 2
  m_Modification:
    m_TransformParent: {fileID: 0}
    m_Modifications:
    - target: {fileID: 4616371254292424, guid: 66596693d3378524f92af4f0fb79322a, type: 2}
      propertyPath: m_LocalPosition.x
      value: -17.211693
      objectReference: {fileID: 0}
    - target: {fileID: 4616371254292424, guid: 66596693d3378524f92af4f0fb79322a, type: 2}
      propertyPath: m_LocalPosition.y
      value: 1.5
      objectReference: {fileID: 0}
    - target: {fileID: 4616371254292424, guid: 66596693d3378524f92af4f0fb79322a, type: 2}
      propertyPath: m_LocalPosition.z
      value: -2.3868408
      objectReference: {fileID: 0}
    - target: {fileID: 4616371254292424, guid: 66596693d3378524f92af4f0fb79322a, type: 2}
      propertyPath: m_LocalRotation.x
      value: -0
      objectReference: {fileID: 0}
    - target: {fileID: 4616371254292424, guid: 66596693d3378524f92af4f0fb79322a, type: 2}
      propertyPath: m_LocalRotation.y
      value: -0
      objectReference: {fileID: 0}
    - target: {fileID: 4616371254292424, guid: 66596693d3378524f92af4f0fb79322a, type: 2}
      propertyPath: m_LocalRotation.z
      value: -0
      objectReference: {fileID: 0}
    - target: {fileID: 4616371254292424, guid: 66596693d3378524f92af4f0fb79322a, type: 2}
      propertyPath: m_LocalRotation.w
      value: 1
      objectReference: {fileID: 0}
    - target: {fileID: 4616371254292424, guid: 66596693d3378524f92af4f0fb79322a, type: 2}
      propertyPath: m_RootOrder
      value: 1
      objectReference: {fileID: 0}
    m_RemovedComponents: []
  m_SourcePrefab: {fileID: 100100000, guid: 66596693d3378524f92af4f0fb79322a, type: 2}
  m_IsPrefabAsset: 0
--- !u!1001 &2100688619
Prefab:
  m_ObjectHideFlags: 0
  serializedVersion: 2
  m_Modification:
    m_TransformParent: {fileID: 574031786}
    m_Modifications:
    - target: {fileID: 4179379436663632, guid: 3dea8339acc608b4a874cf4bf2bbfaf9, type: 2}
      propertyPath: m_LocalPosition.x
      value: 0
      objectReference: {fileID: 0}
    - target: {fileID: 4179379436663632, guid: 3dea8339acc608b4a874cf4bf2bbfaf9, type: 2}
      propertyPath: m_LocalPosition.y
      value: 11.12
      objectReference: {fileID: 0}
    - target: {fileID: 4179379436663632, guid: 3dea8339acc608b4a874cf4bf2bbfaf9, type: 2}
      propertyPath: m_LocalPosition.z
      value: -3.33
      objectReference: {fileID: 0}
    - target: {fileID: 4179379436663632, guid: 3dea8339acc608b4a874cf4bf2bbfaf9, type: 2}
      propertyPath: m_LocalRotation.x
      value: -0
      objectReference: {fileID: 0}
    - target: {fileID: 4179379436663632, guid: 3dea8339acc608b4a874cf4bf2bbfaf9, type: 2}
      propertyPath: m_LocalRotation.y
      value: -0
      objectReference: {fileID: 0}
    - target: {fileID: 4179379436663632, guid: 3dea8339acc608b4a874cf4bf2bbfaf9, type: 2}
      propertyPath: m_LocalRotation.z
      value: -0
      objectReference: {fileID: 0}
    - target: {fileID: 4179379436663632, guid: 3dea8339acc608b4a874cf4bf2bbfaf9, type: 2}
      propertyPath: m_LocalRotation.w
      value: 1
      objectReference: {fileID: 0}
    - target: {fileID: 4179379436663632, guid: 3dea8339acc608b4a874cf4bf2bbfaf9, type: 2}
      propertyPath: m_RootOrder
      value: 8
      objectReference: {fileID: 0}
    - target: {fileID: 65378985391522316, guid: 3dea8339acc608b4a874cf4bf2bbfaf9,
        type: 2}
      propertyPath: m_Material
      value: 
      objectReference: {fileID: 13400000, guid: 036f2c6945bdf0940b11a360e3225cb1,
        type: 2}
    - target: {fileID: 4179379436663632, guid: 3dea8339acc608b4a874cf4bf2bbfaf9, type: 2}
      propertyPath: m_LocalScale.x
      value: 1.7414
      objectReference: {fileID: 0}
    - target: {fileID: 4179379436663632, guid: 3dea8339acc608b4a874cf4bf2bbfaf9, type: 2}
      propertyPath: m_LocalScale.y
      value: 12.4564085
      objectReference: {fileID: 0}
    - target: {fileID: 4179379436663632, guid: 3dea8339acc608b4a874cf4bf2bbfaf9, type: 2}
      propertyPath: m_LocalScale.z
      value: 1.7414
      objectReference: {fileID: 0}
    - target: {fileID: 54055451952620728, guid: 3dea8339acc608b4a874cf4bf2bbfaf9,
        type: 2}
      propertyPath: m_IsKinematic
      value: 0
      objectReference: {fileID: 0}
    - target: {fileID: 54055451952620728, guid: 3dea8339acc608b4a874cf4bf2bbfaf9,
        type: 2}
      propertyPath: m_Mass
      value: 1
      objectReference: {fileID: 0}
    - target: {fileID: 54055451952620728, guid: 3dea8339acc608b4a874cf4bf2bbfaf9,
        type: 2}
      propertyPath: m_Constraints
      value: 112
      objectReference: {fileID: 0}
    m_RemovedComponents:
    - {fileID: 0}
    - {fileID: 0}
    - {fileID: 114220387802805142, guid: 3dea8339acc608b4a874cf4bf2bbfaf9, type: 2}
  m_SourcePrefab: {fileID: 100100000, guid: 3dea8339acc608b4a874cf4bf2bbfaf9, type: 2}
  m_IsPrefabAsset: 0
